{
  "tobaccoProducts": false,
  "products": [
    {
      "productId": "5019786-EA-000",
      "brand": "Mouthfresh",
      "name": "Soft Flexi Head Toothbrush",
      "displayName": "1pk",
      "availability": [
        "IN_STORE",
        "ONLINE"
      ],
      "saleType": "UNITS",
      "restrictedFlag": false,
      "liquorFlag": false,
      "tobaccoFlag": false,
      "originRegulated": false,
      "singlePrice": {
        "price": 99,
        "promoId": "128865392"
      },
      "promotions": [
        {
          "promoId": "128865392",
          "rewardValue": 99,
          "decal": "6000",
          "sapType": "BASE",
          "rewardType": "NEW_PRICE",
          "threshold": 1,
          "limit": 0,
          "multiProducts": false,
          "cardDependencyFlag": false,
          "bestPromotion": true
        }
      ],
      "categoryTrees": [
        {
          "level0": "Personal Care",
          "level1": "Beauty & Grooming",
          "level2": "Oral Health"
        }
      ],
      "cateredFlag": false
    },
    {
      "productId": "5206374-EA-000",
      "brand": "Chantal Organics",
      "name": "Epsom Salts",
      "displayName": "1.5kg",
      "availability": [
        "IN_STORE",
        "ONLINE"
      ],
      "saleType": "UNITS",
      "restrictedFlag": false,
      "liquorFlag": false,
      "tobaccoFlag": false,
      "originRegulated": false,
      "singlePrice": {
        "price": 699,
        "comparativePrice": {
          "pricePerUnit": 47,
          "unitQuantity": 100,
          "unitQuantityUom": "g",
          "measureDescription": "100g"
        }
      },
      "facets": [
        {
          "itemCode": "00020001",
          "itemDescription": "Organic"
        }
      ],
      "categoryTrees": [
        {
          "level0": "Personal Care",
          "level1": "Beauty & Grooming",
          "level2": "Hand & Body Care"
        }
      ],
      "cateredFlag": false
    },
    {
      "productId": "5009779-EA-000",
      "brand": "Lynx",
      "name": "Men Africa 48H Anti Sweat Antiperspirant Roll On",
      "displayName": "50ml",
      "availability": [
        "IN_STORE",
        "ONLINE"
      ],
      "saleType": "UNITS",
      "restrictedFlag": false,
      "liquorFlag": false,
      "tobaccoFlag": false,
      "originRegulated": false,
      "singlePrice": {
        "price": 369,
        "promoId": "128928962",
        "comparativePrice": {
          "pricePerUnit": 738,
          "unitQuantity": 100,
          "unitQuantityUom": "ml",
          "measureDescription": "100ml"
        }
      },
      "promotions": [
        {
          "promoId": "128928962",
          "rewardValue": 369,
          "decal": "6000",
          "sapType": "BASE",
          "rewardType": "NEW_PRICE",
          "threshold": 1,
          "limit": 0,
          "multiProducts": false,
          "cardDependencyFlag": false,
          "bestPromotion": true,
          "comparativePrice": {
            "pricePerUnit": 738,
            "unitQuantity": 100,
            "unitQuantityUom": "ml",
            "measureDescription": "100ml"
          }
        }
      ],
      "facets": [
        {
          "itemCode": "00020012",
          "itemDescription": "Non-GMO"
        }
      ],
      "categoryTrees": [
        {
          "level0": "Personal Care",
          "level1": "Beauty & Grooming",
          "level2": "Deodorants"
        }
      ],
      "cateredFlag": false
    },
    {
      "productId": "5266629-EA-000",
      "brand": "Rexona Men",
      "name": "Advanced Protection Sport 72Hr Antiperspirant Deodorant",
      "displayName": "220ml",
      "availability": [
        "IN_STORE",
        "ONLINE"
      ],
      "saleType": "UNITS",
      "restrictedFlag": false,
      "liquorFlag": false,
      "tobaccoFlag": false,
      "originRegulated": false,
      "singlePrice": {
        "price": 579,
        "promoId": "128928958",
        "comparativePrice": {
          "pricePerUnit": 263,
          "unitQuantity": 100,
          "unitQuantityUom": "ml",
          "measureDescription": "100ml"
        }
      },
      "promotions": [
        {
          "promoId": "128928958",
          "rewardValue": 579,
          "decal": "6000",
          "sapType": "BASE",
          "rewardType": "NEW_PRICE",
          "threshold": 1,
          "limit": 0,
          "multiProducts": false,
          "cardDependencyFlag": false,
          "bestPromotion": true,
          "comparativePrice": {
            "pricePerUnit": 263,
            "unitQuantity": 100,
            "unitQuantityUom": "ml",
            "measureDescription": "100ml"
          }
        }
      ],
      "facets": [
        {
          "itemCode": "00020012",
          "itemDescription": "Non-GMO"
        }
      ],
      "categoryTrees": [
        {
          "level0": "Personal Care",
          "level1": "Beauty & Grooming",
          "level2": "Deodorants"
        }
      ],
      "cateredFlag": false
    },
    {
      "productId": "5009253-EA-000",
      "brand": "Colgate",
      "name": "Total Waxed Mint Flavour Dental Floss",
      "displayName": "25m",
      "availability": [
        "IN_STORE",
        "ONLINE"
      ],
      "saleType": "UNITS",
      "restrictedFlag": false,
      "liquorFlag": false,
      "tobaccoFlag": false,
      "originRegulated": false,
      "singlePrice": {
        "price": 439,
        "comparativePrice": {
          "pricePerUnit": 18,
          "unitQuantity": 1,
          "unitQuantityUom": "m",
          "measureDescription": "1m"
        }
      },
      "categoryTrees": [
        {
          "level0": "Personal Care",
          "level1": "Beauty & Grooming",
          "level2": "Oral Health"
        }
      ],
      "cateredFlag": false
    },
    {
      "productId": "5013771-EA-000",
      "brand": "Ecostore",
      "name": "Coconut Soap",
      "displayName": "80g",
      "availability": [
        "IN_STORE",
        "ONLINE"
      ],
      "saleType": "UNITS",
      "restrictedFlag": false,
      "liquorFlag": false,
      "tobaccoFlag": false,
      "originRegulated": false,
      "singlePrice": {
        "price": 279,
        "comparativePrice": {
          "pricePerUnit": 349,
          "unitQuantity": 100,
          "unitQuantityUom": "g",
          "measureDescription": "100g"
        }
      },
      "facets": [
        {
          "itemCode": "00020013",
          "itemDescription": "Vegan"
        }
      ],
      "categoryTrees": [
        {
          "level0": "Personal Care",
          "level1": "Beauty & Grooming",
          "level2": "Hand & Body Care"
        }
      ],
      "cateredFlag": false
    },
    {
      "productId": "5247340-EA-000",
      "brand": "Colgate",
      "name": "Total Advanced Clean Antibacterial Fluoride Toothpaste",
      "displayName": "200g",
      "availability": [
        "IN_STORE",
        "ONLINE"
      ],
      "saleType": "UNITS",
      "restrictedFlag": false,
      "liquorFlag": false,
      "tobaccoFlag": false,
      "originRegulated": false,
      "singlePrice": {
        "price": 749,
        "promoId": "129012509",
        "comparativePrice": {
          "pricePerUnit": 375,
          "unitQuantity": 100,
          "unitQuantityUom": "g",
          "measureDescription": "100g"
        }
      },
      "promotions": [
        {
          "promoId": "129012509",
          "rewardValue": 749,
          "decal": "6000",
          "sapType": "BASE",
          "rewardType": "NEW_PRICE",
          "threshold": 1,
          "limit": 0,
          "multiProducts": false,
          "cardDependencyFlag": false,
          "bestPromotion": true,
          "comparativePrice": {
            "pricePerUnit": 375,
            "unitQuantity": 100,
            "unitQuantityUom": "g",
            "measureDescription": "100g"
          }
        }
      ],
      "facets": [
        {
          "itemCode": "00020013",
          "itemDescription": "Vegan"
        },
        {
          "itemCode": "00020004",
          "itemDescription": "Gluten Free"
        }
      ],
      "categoryTrees": [
        {
          "level0": "Personal Care",
          "level1": "Beauty & Grooming",
          "level2": "Oral Health"
        }
      ],
      "cateredFlag": false
    },
    {
      "productId": "5035426-EA-000",
      "brand": "Palmolive Naturals",
      "name": "Active Nourishment Aloe Vera Hair Shampoo",
      "displayName": "350ml",
      "availability": [
        "IN_STORE",
        "ONLINE"
      ],
      "saleType": "UNITS",
      "restrictedFlag": false,
      "liquorFlag": false,
      "tobaccoFlag": false,
      "originRegulated": false,
      "singlePrice": {
        "price": 629,
        "comparativePrice": {
          "pricePerUnit": 180,
          "unitQuantity": 100,
          "unitQuantityUom": "ml",
          "measureDescription": "100ml"
        }
      },
      "facets": [
        {
          "itemCode": "00020004",
          "itemDescription": "Gluten Free"
        }
      ],
      "categoryTrees": [
        {
          "level0": "Personal Care",
          "level1": "Beauty & Grooming",
          "level2": "Hair Care & Treatments"
        }
      ],
      "cateredFlag": false
    },
    {
      "productId": "5013519-EA-000",
      "brand": "Colgate",
      "name": "360 Whole Mouth Clean Medium Toothbrush Value Pack",
      "displayName": "2pk",
      "availability": [
        "IN_STORE",
        "ONLINE"
      ],
      "saleType": "UNITS",
      "restrictedFlag": false,
      "liquorFlag": false,
      "tobaccoFlag": false,
      "originRegulated": false,
      "singlePrice": {
        "price": 889,
        "comparativePrice": {
          "pricePerUnit": 445,
          "unitQuantity": 1,
          "unitQuantityUom": "ea",
          "measureDescription": "ea"
        }
      },
      "categoryTrees": [
        {
          "level0": "Personal Care",
          "level1": "Beauty & Grooming",
          "level2": "Oral Health"
        }
      ],
      "cateredFlag": false
    },
    {
      "productId": "5266624-EA-000",
      "brand": "Rexona Men",
      "name": "Advanced Protection Original 72Hr Antiperspirant Deodorant",
      "displayName": "220ml",
      "availability": [
        "IN_STORE",
        "ONLINE"
      ],
      "saleType": "UNITS",
      "restrictedFlag": false,
      "liquorFlag": false,
      "tobaccoFlag": false,
      "originRegulated": false,
      "singlePrice": {
        "price": 579,
        "promoId": "128928958",
        "comparativePrice": {
          "pricePerUnit": 263,
          "unitQuantity": 100,
          "unitQuantityUom": "ml",
          "measureDescription": "100ml"
        }
      },
      "promotions": [
        {
          "promoId": "128928958",
          "rewardValue": 579,
          "decal": "6000",
          "sapType": "BASE",
          "rewardType": "NEW_PRICE",
          "threshold": 1,
          "limit": 0,
          "multiProducts": false,
          "cardDependencyFlag": false,
          "bestPromotion": true,
          "comparativePrice": {
            "pricePerUnit": 263,
            "unitQuantity": 100,
            "unitQuantityUom": "ml",
            "measureDescription": "100ml"
          }
        }
      ],
      "facets": [
        {
          "itemCode": "00020012",
          "itemDescription": "Non-GMO"
        }
      ],
      "categoryTrees": [
        {
          "level0": "Personal Care",
          "level1": "Beauty & Grooming",
          "level2": "Deodorants"
        }
      ],
      "cateredFlag": false
    },
    {
      "productId": "5009237-EA-000",
      "brand": "Panadol",
      "name": "Extra Paracetamol 500mg Caffeine 65mg Caplets",
      "displayName": "20pk",
      "availability": [
        "IN_STORE",
        "ONLINE"
      ],
      "saleType": "UNITS",
      "restrictedFlag": false,
      "liquorFlag": false,
      "tobaccoFlag": false,
      "originRegulated": false,
      "singlePrice": {
        "price": 819,
        "comparativePrice": {
          "pricePerUnit": 41,
          "unitQuantity": 1,
          "unitQuantityUom": "ea",
          "measureDescription": "ea"
        }
      },
      "categoryTrees": [
        {
          "level0": "Personal Care",
          "level1": "Health & Wellness",
          "level2": "Pain Relief"
        }
      ],
      "cateredFlag": false
    },
    {
      "productId": "5003811-EA-000",
      "brand": "Pams",
      "name": "Paracetamol Tablets",
      "displayName": "20pk",
      "availability": [
        "IN_STORE",
        "ONLINE"
      ],
      "saleType": "UNITS",
      "restrictedFlag": false,
      "liquorFlag": false,
      "tobaccoFlag": false,
      "originRegulated": false,
      "singlePrice": {
        "price": 279,
        "promoId": "128922948",
        "comparativePrice": {
          "pricePerUnit": 14,
          "unitQuantity": 1,
          "unitQuantityUom": "ea",
          "measureDescription": "ea"
        }
      },
      "promotions": [
        {
          "promoId": "128922948",
          "rewardValue": 279,
          "decal": "7000",
          "sapType": "BASE",
          "rewardType": "NEW_PRICE",
          "threshold": 1,
          "limit": 0,
          "multiProducts": false,
          "cardDependencyFlag": false,
          "bestPromotion": true,
          "comparativePrice": {
            "pricePerUnit": 14,
            "unitQuantity": 1,
            "unitQuantityUom": "ea",
            "measureDescription": "ea"
          }
        }
      ],
      "facets": [
        {
          "itemCode": "00020012",
          "itemDescription": "Non-GMO"
        }
      ],
      "categoryTrees": [
        {
          "level0": "Personal Care",
          "level1": "Health & Wellness",
          "level2": "Pain Relief"
        },
        {
          "level0": "Featured",
          "level1": "Pams",
          "level2": "Health & Wellness"
        }
      ],
      "cateredFlag": false
    },
    {
      "productId": "5028921-EA-000",
      "brand": "Panadol Optizorb",
      "name": "Paracetamol 500mg Tablets",
      "displayName": "12pk",
      "availability": [
        "IN_STORE",
        "ONLINE"
      ],
      "saleType": "UNITS",
      "restrictedFlag": false,
      "liquorFlag": false,
      "tobaccoFlag": false,
      "originRegulated": false,
      "singlePrice": {
        "price": 369,
        "comparativePrice": {
          "pricePerUnit": 31,
          "unitQuantity": 1,
          "unitQuantityUom": "ea",
          "measureDescription": "ea"
        }
      },
      "categoryTrees": [
        {
          "level0": "Personal Care",
          "level1": "Health & Wellness",
          "level2": "Pain Relief"
        }
      ],
      "cateredFlag": false
    },
    {
      "productId": "5273374-EA-000",
      "brand": "Pantene Pro-V",
      "name": "Daily Moisture Renewal Shampoo",
      "displayName": "375ml",
      "availability": [
        "IN_STORE",
        "ONLINE"
      ],
      "saleType": "UNITS",
      "restrictedFlag": false,
      "liquorFlag": false,
      "tobaccoFlag": false,
      "originRegulated": false,
      "singlePrice": {
        "price": 499,
        "promoId": "129022057",
        "comparativePrice": {
          "pricePerUnit": 133,
          "unitQuantity": 100,
          "unitQuantityUom": "ml",
          "measureDescription": "100ml"
        }
      },
      "promotions": [
        {
          "promoId": "129022057",
          "rewardValue": 499,
          "decal": "6000",
          "sapType": "BASE",
          "rewardType": "NEW_PRICE",
          "threshold": 1,
          "limit": 0,
          "multiProducts": false,
          "cardDependencyFlag": false,
          "bestPromotion": true,
          "comparativePrice": {
            "pricePerUnit": 133,
            "unitQuantity": 100,
            "unitQuantityUom": "ml",
            "measureDescription": "100ml"
          }
        }
      ],
      "categoryTrees": [
        {
          "level0": "Personal Care",
          "level1": "Beauty & Grooming",
          "level2": "Hair Care & Treatments"
        }
      ],
      "cateredFlag": false
    },
    {
      "productId": "5001314-EA-000",
      "brand": "Panadol",
      "name": "Rapid Paracetamol 500mg Caplets",
      "displayName": "20pk",
      "availability": [
        "IN_STORE",
        "ONLINE"
      ],
      "saleType": "UNITS",
      "restrictedFlag": false,
      "liquorFlag": false,
      "tobaccoFlag": false,
      "originRegulated": false,
      "singlePrice": {
        "price": 609,
        "promoId": "128941467",
        "comparativePrice": {
          "pricePerUnit": 30,
          "unitQuantity": 1,
          "unitQuantityUom": "ea",
          "measureDescription": "ea"
        }
      },
      "promotions": [
        {
          "promoId": "128941467",
          "rewardValue": 609,
          "decal": "6000",
          "sapType": "BASE",
          "rewardType": "NEW_PRICE",
          "threshold": 1,
          "limit": 0,
          "multiProducts": false,
          "cardDependencyFlag": false,
          "bestPromotion": true,
          "comparativePrice": {
            "pricePerUnit": 30,
            "unitQuantity": 1,
            "unitQuantityUom": "ea",
            "measureDescription": "ea"
          }
        }
      ],
      "categoryTrees": [
        {
          "level0": "Personal Care",
          "level1": "Health & Wellness",
          "level2": "Pain Relief"
        }
      ],
      "cateredFlag": false
    },
    {
      "productId": "5274848-EA-000",
      "brand": "Sensodyne",
      "name": "Daily Care + Whitening Toothpaste",
      "displayName": "160g",
      "availability": [
        "IN_STORE",
        "ONLINE"
      ],
      "saleType": "UNITS",
      "restrictedFlag": false,
      "liquorFlag": false,
      "tobaccoFlag": false,
      "originRegulated": false,
      "singlePrice": {
        "price": 969,
        "promoId": "128929030",
        "comparativePrice": {
          "pricePerUnit": 606,
          "unitQuantity": 100,
          "unitQuantityUom": "g",
          "measureDescription": "100g"
        }
      },
      "promotions": [
        {
          "promoId": "128929030",
          "rewardValue": 969,
          "decal": "6000",
          "sapType": "BASE",
          "rewardType": "NEW_PRICE",
          "threshold": 1,
          "limit": 0,
          "multiProducts": false,
          "cardDependencyFlag": false,
          "bestPromotion": true,
          "comparativePrice": {
            "pricePerUnit": 606,
            "unitQuantity": 100,
            "unitQuantityUom": "g",
            "measureDescription": "100g"
          }
        }
      ],
      "categoryTrees": [
        {
          "level0": "Personal Care",
          "level1": "Beauty & Grooming",
          "level2": "Oral Health"
        }
      ],
      "cateredFlag": false
    },
    {
      "productId": "5283892-EA-000",
      "brand": "Elastoplast",
      "name": "Flexible Fabric Strips",
      "displayName": "40pk",
      "availability": [
        "IN_STORE",
        "ONLINE"
      ],
      "saleType": "UNITS",
      "restrictedFlag": false,
      "liquorFlag": false,
      "tobaccoFlag": false,
      "originRegulated": false,
      "singlePrice": {
        "price": 399,
        "promoId": "128942990",
        "comparativePrice": {
          "pricePerUnit": 10,
          "unitQuantity": 1,
          "unitQuantityUom": "ea",
          "measureDescription": "ea"
        }
      },
      "promotions": [
        {
          "promoId": "128942990",
          "rewardValue": 399,
          "decal": "6000",
          "sapType": "BASE",
          "rewardType": "NEW_PRICE",
          "threshold": 1,
          "limit": 0,
          "multiProducts": false,
          "cardDependencyFlag": false,
          "bestPromotion": true,
          "comparativePrice": {
            "pricePerUnit": 10,
            "unitQuantity": 1,
            "unitQuantityUom": "ea",
            "measureDescription": "ea"
          }
        }
      ],
      "categoryTrees": [
        {
          "level0": "Personal Care",
          "level1": "Health & Wellness",
          "level2": "First Aid"
        }
      ],
      "cateredFlag": false
    },
    {
      "productId": "5007110-EA-000",
      "brand": "Polident",
      "name": "Fresh Denture Adhesive Cream",
      "displayName": "60g",
      "availability": [
        "IN_STORE",
        "ONLINE"
      ],
      "saleType": "UNITS",
      "restrictedFlag": false,
      "liquorFlag": false,
      "tobaccoFlag": false,
      "originRegulated": false,
      "singlePrice": {
        "price": 1299,
        "comparativePrice": {
          "pricePerUnit": 2165,
          "unitQuantity": 100,
          "unitQuantityUom": "g",
          "measureDescription": "100g"
        }
      },
      "facets": [
        {
          "itemCode": "00020012",
          "itemDescription": "Non-GMO"
        }
      ],
      "categoryTrees": [
        {
          "level0": "Personal Care",
          "level1": "Beauty & Grooming",
          "level2": "Oral Health"
        }
      ],
      "cateredFlag": false
    },
    {
      "productId": "5005741-EA-000",
      "brand": "Pams",
      "name": "Fabric Sturdy Strips",
      "displayName": "20pk",
      "availability": [
        "IN_STORE",
        "ONLINE"
      ],
      "saleType": "UNITS",
      "restrictedFlag": false,
      "liquorFlag": false,
      "tobaccoFlag": false,
      "originRegulated": false,
      "singlePrice": {
        "price": 289,
        "promoId": "128922982",
        "comparativePrice": {
          "pricePerUnit": 14,
          "unitQuantity": 1,
          "unitQuantityUom": "ea",
          "measureDescription": "ea"
        }
      },
      "promotions": [
        {
          "promoId": "128922982",
          "rewardValue": 289,
          "decal": "6000",
          "sapType": "BASE",
          "rewardType": "NEW_PRICE",
          "threshold": 1,
          "limit": 0,
          "multiProducts": false,
          "cardDependencyFlag": false,
          "bestPromotion": true,
          "comparativePrice": {
            "pricePerUnit": 14,
            "unitQuantity": 1,
            "unitQuantityUom": "ea",
            "measureDescription": "ea"
          }
        }
      ],
      "facets": [
        {
          "itemCode": "00020007",
          "itemDescription": "Dairy Free"
        },
        {
          "itemCode": "00020012",
          "itemDescription": "Non-GMO"
        }
      ],
      "categoryTrees": [
        {
          "level0": "Personal Care",
          "level1": "Health & Wellness",
          "level2": "First Aid"
        },
        {
          "level0": "Featured",
          "level1": "Pams",
          "level2": "Health & Wellness"
        }
      ],
      "cateredFlag": false
    },
    {
      "productId": "5015592-EA-000",
      "brand": "Palmolive",
      "name": "Antibacterial Odour Neutralising Lime Liquid Hand Wash",
      "displayName": "250ml",
      "availability": [
        "IN_STORE",
        "ONLINE"
      ],
      "saleType": "UNITS",
      "restrictedFlag": false,
      "liquorFlag": false,
      "tobaccoFlag": false,
      "originRegulated": false,
      "singlePrice": {
        "price": 329,
        "comparativePrice": {
          "pricePerUnit": 132,
          "unitQuantity": 100,
          "unitQuantityUom": "ml",
          "measureDescription": "100ml"
        }
      },
      "facets": [
        {
          "itemCode": "00020004",
          "itemDescription": "Gluten Free"
        }
      ],
      "categoryTrees": [
        {
          "level0": "Personal Care",
          "level1": "Beauty & Grooming",
          "level2": "Hand & Body Care"
        }
      ],
      "cateredFlag": false
    },
    {
      "productId": "5231273-EA-000",
      "brand": "Value",
      "name": "Beauty Bar Soap",
      "displayName": "6 x 75g",
      "availability": [
        "IN_STORE",
        "ONLINE"
      ],
      "saleType": "UNITS",
      "restrictedFlag": false,
      "liquorFlag": false,
      "tobaccoFlag": false,
      "originRegulated": false,
      "singlePrice": {
        "price": 389,
        "comparativePrice": {
          "pricePerUnit": 65,
          "unitQuantity": 1,
          "unitQuantityUom": "ea",
          "measureDescription": "ea"
        }
      },
      "facets": [
        {
          "itemCode": "00020012",
          "itemDescription": "Non-GMO"
        }
      ],
      "categoryTrees": [
        {
          "level0": "Personal Care",
          "level1": "Beauty & Grooming",
          "level2": "Hand & Body Care"
        }
      ],
      "cateredFlag": false
    },
    {
      "productId": "5266639-EA-000",
      "brand": "Rexona",
      "name": "Advanced Protection Shower Fresh 72Hr Antiperspirant Deodorant",
      "displayName": "220ml",
      "availability": [
        "IN_STORE",
        "ONLINE"
      ],
      "saleType": "UNITS",
      "restrictedFlag": false,
      "liquorFlag": false,
      "tobaccoFlag": false,
      "originRegulated": false,
      "singlePrice": {
        "price": 579,
        "promoId": "128928958",
        "comparativePrice": {
          "pricePerUnit": 263,
          "unitQuantity": 100,
          "unitQuantityUom": "ml",
          "measureDescription": "100ml"
        }
      },
      "promotions": [
        {
          "promoId": "128928958",
          "rewardValue": 579,
          "decal": "6000",
          "sapType": "BASE",
          "rewardType": "NEW_PRICE",
          "threshold": 1,
          "limit": 0,
          "multiProducts": false,
          "cardDependencyFlag": false,
          "bestPromotion": true,
          "comparativePrice": {
            "pricePerUnit": 263,
            "unitQuantity": 100,
            "unitQuantityUom": "ml",
            "measureDescription": "100ml"
          }
        }
      ],
      "facets": [
        {
          "itemCode": "00020012",
          "itemDescription": "Non-GMO"
        }
      ],
      "categoryTrees": [
        {
          "level0": "Personal Care",
          "level1": "Beauty & Grooming",
          "level2": "Deodorants"
        }
      ],
      "cateredFlag": false
    },
    {
      "productId": "5216699-EA-000",
      "brand": "Musashi",
      "name": "Cookies & Cream Flavour Shred & Burn Bar",
      "displayName": "60g",
      "availability": [
        "IN_STORE",
        "ONLINE"
      ],
      "saleType": "UNITS",
      "restrictedFlag": false,
      "liquorFlag": false,
      "tobaccoFlag": false,
      "originRegulated": false,
      "singlePrice": {
        "price": 399,
        "comparativePrice": {
          "pricePerUnit": 665,
          "unitQuantity": 100,
          "unitQuantityUom": "g",
          "measureDescription": "100g"
        }
      },
      "categoryTrees": [
        {
          "level0": "Personal Care",
          "level1": "Health & Wellness",
          "level2": "Wellness & Sports Nutrition"
        }
      ],
      "cateredFlag": false
    },
    {
      "productId": "5004550-EA-000",
      "brand": "Palmolive Naturals",
      "name": "Milk & Honey Body Wash",
      "displayName": "500ml",
      "availability": [
        "IN_STORE",
        "ONLINE"
      ],
      "saleType": "UNITS",
      "restrictedFlag": false,
      "liquorFlag": false,
      "tobaccoFlag": false,
      "originRegulated": false,
      "singlePrice": {
        "price": 649,
        "comparativePrice": {
          "pricePerUnit": 130,
          "unitQuantity": 100,
          "unitQuantityUom": "ml",
          "measureDescription": "100ml"
        }
      },
      "facets": [
        {
          "itemCode": "00020004",
          "itemDescription": "Gluten Free"
        }
      ],
      "categoryTrees": [
        {
          "level0": "Personal Care",
          "level1": "Beauty & Grooming",
          "level2": "Hand & Body Care"
        }
      ],
      "cateredFlag": false
    },
    {
      "productId": "5012372-EA-000",
      "brand": "Dettol",
      "name": "Aloe Vera & Vitamin E Liquid Hand Wash Pump",
      "displayName": "250ml",
      "availability": [
        "IN_STORE",
        "ONLINE"
      ],
      "saleType": "UNITS",
      "restrictedFlag": false,
      "liquorFlag": false,
      "tobaccoFlag": false,
      "originRegulated": false,
      "singlePrice": {
        "price": 349,
        "comparativePrice": {
          "pricePerUnit": 140,
          "unitQuantity": 100,
          "unitQuantityUom": "ml",
          "measureDescription": "100ml"
        }
      },
      "categoryTrees": [
        {
          "level0": "Personal Care",
          "level1": "Beauty & Grooming",
          "level2": "Hand & Body Care"
        }
      ],
      "cateredFlag": false
    },
    {
      "productId": "5273375-EA-000",
      "brand": "Pantene Pro-V",
      "name": "Daily Moisture Renewal Conditioner",
      "displayName": "375ml",
      "availability": [
        "IN_STORE",
        "ONLINE"
      ],
      "saleType": "UNITS",
      "restrictedFlag": false,
      "liquorFlag": false,
      "tobaccoFlag": false,
      "originRegulated": false,
      "singlePrice": {
        "price": 499,
        "promoId": "129022057",
        "comparativePrice": {
          "pricePerUnit": 133,
          "unitQuantity": 100,
          "unitQuantityUom": "ml",
          "measureDescription": "100ml"
        }
      },
      "promotions": [
        {
          "promoId": "129022057",
          "rewardValue": 499,
          "decal": "6000",
          "sapType": "BASE",
          "rewardType": "NEW_PRICE",
          "threshold": 1,
          "limit": 0,
          "multiProducts": false,
          "cardDependencyFlag": false,
          "bestPromotion": true,
          "comparativePrice": {
            "pricePerUnit": 133,
            "unitQuantity": 100,
            "unitQuantityUom": "ml",
            "measureDescription": "100ml"
          }
        }
      ],
      "categoryTrees": [
        {
          "level0": "Personal Care",
          "level1": "Beauty & Grooming",
          "level2": "Hair Care & Treatments"
        }
      ],
      "cateredFlag": false
    },
    {
      "productId": "5012760-EA-000",
      "brand": "Brut",
      "name": "Original 24hr Anti-Perspirant Deodorant Roll On",
      "displayName": "50ml",
      "availability": [
        "IN_STORE",
        "ONLINE"
      ],
      "saleType": "UNITS",
      "restrictedFlag": false,
      "liquorFlag": false,
      "tobaccoFlag": false,
      "originRegulated": false,
      "singlePrice": {
        "price": 329,
        "promoId": "128943740",
        "comparativePrice": {
          "pricePerUnit": 658,
          "unitQuantity": 100,
          "unitQuantityUom": "ml",
          "measureDescription": "100ml"
        }
      },
      "promotions": [
        {
          "promoId": "128943740",
          "rewardValue": 329,
          "decal": "6000",
          "sapType": "BASE",
          "rewardType": "NEW_PRICE",
          "threshold": 1,
          "limit": 0,
          "multiProducts": false,
          "cardDependencyFlag": false,
          "bestPromotion": true,
          "comparativePrice": {
            "pricePerUnit": 658,
            "unitQuantity": 100,
            "unitQuantityUom": "ml",
            "measureDescription": "100ml"
          }
        }
      ],
      "facets": [
        {
          "itemCode": "00020012",
          "itemDescription": "Non-GMO"
        }
      ],
      "categoryTrees": [
        {
          "level0": "Personal Care",
          "level1": "Beauty & Grooming",
          "level2": "Deodorants"
        }
      ],
      "cateredFlag": false
    },
    {
      "productId": "5010954-EA-000",
      "brand": "Vicks",
      "name": "VapoDrops Original Menthol Lozenges",
      "displayName": "24pk",
      "availability": [
        "IN_STORE",
        "ONLINE"
      ],
      "saleType": "UNITS",
      "restrictedFlag": false,
      "liquorFlag": false,
      "tobaccoFlag": false,
      "originRegulated": false,
      "singlePrice": {
        "price": 529,
        "comparativePrice": {
          "pricePerUnit": 22,
          "unitQuantity": 1,
          "unitQuantityUom": "ea",
          "measureDescription": "ea"
        }
      },
      "categoryTrees": [
        {
          "level0": "Personal Care",
          "level1": "Health & Wellness",
          "level2": "Cough, Cold & Flu"
        }
      ],
      "cateredFlag": false
    },
    {
      "productId": "5026590-EA-000",
      "brand": "Listerine",
      "name": "Cool Mint Antibacterial Mouthwash",
      "displayName": "500ml",
      "availability": [
        "IN_STORE",
        "ONLINE"
      ],
      "saleType": "UNITS",
      "restrictedFlag": false,
      "liquorFlag": false,
      "tobaccoFlag": false,
      "originRegulated": false,
      "singlePrice": {
        "price": 499,
        "promoId": "129015877",
        "comparativePrice": {
          "pricePerUnit": 100,
          "unitQuantity": 100,
          "unitQuantityUom": "ml",
          "measureDescription": "100ml"
        }
      },
      "promotions": [
        {
          "promoId": "129015877",
          "rewardValue": 499,
          "decal": "6000",
          "sapType": "BASE",
          "rewardType": "NEW_PRICE",
          "threshold": 1,
          "limit": 0,
          "multiProducts": false,
          "cardDependencyFlag": false,
          "bestPromotion": true,
          "comparativePrice": {
            "pricePerUnit": 100,
            "unitQuantity": 100,
            "unitQuantityUom": "ml",
            "measureDescription": "100ml"
          }
        }
      ],
      "facets": [
        {
          "itemCode": "00020012",
          "itemDescription": "Non-GMO"
        }
      ],
      "categoryTrees": [
        {
          "level0": "Personal Care",
          "level1": "Beauty & Grooming",
          "level2": "Oral Health"
        }
      ],
      "cateredFlag": false
    },
    {
      "productId": "5266579-EA-000",
      "brand": "Lynx",
      "name": "Black Frozen Pear & Cedarwood Scent 48hr Deodorant Bodyspray",
      "displayName": "165ml",
      "availability": [
        "IN_STORE",
        "ONLINE"
      ],
      "saleType": "UNITS",
      "restrictedFlag": false,
      "liquorFlag": false,
      "tobaccoFlag": false,
      "originRegulated": false,
      "singlePrice": {
        "price": 579,
        "promoId": "128922856",
        "comparativePrice": {
          "pricePerUnit": 351,
          "unitQuantity": 100,
          "unitQuantityUom": "ml",
          "measureDescription": "100ml"
        }
      },
      "promotions": [
        {
          "promoId": "128922856",
          "rewardValue": 579,
          "decal": "6000",
          "sapType": "BASE",
          "rewardType": "NEW_PRICE",
          "threshold": 1,
          "limit": 0,
          "multiProducts": false,
          "cardDependencyFlag": false,
          "bestPromotion": true,
          "comparativePrice": {
            "pricePerUnit": 351,
            "unitQuantity": 100,
            "unitQuantityUom": "ml",
            "measureDescription": "100ml"
          }
        }
      ],
      "facets": [
        {
          "itemCode": "00020012",
          "itemDescription": "Non-GMO"
        }
      ],
      "categoryTrees": [
        {
          "level0": "Personal Care",
          "level1": "Beauty & Grooming",
          "level2": "Deodorants"
        }
      ],
      "cateredFlag": false
    },
    {
      "productId": "5121374-EA-000",
      "brand": "Oral-B",
      "name": "Mint Flavour Satin Tape Dental Floss",
      "displayName": "25m",
      "availability": [
        "IN_STORE",
        "ONLINE"
      ],
      "saleType": "UNITS",
      "restrictedFlag": false,
      "liquorFlag": false,
      "tobaccoFlag": false,
      "originRegulated": false,
      "singlePrice": {
        "price": 299,
        "promoId": "128901327",
        "comparativePrice": {
          "pricePerUnit": 12,
          "unitQuantity": 1,
          "unitQuantityUom": "m",
          "measureDescription": "1m"
        }
      },
      "promotions": [
        {
          "promoId": "128901327",
          "rewardValue": 299,
          "decal": "6000",
          "sapType": "BASE",
          "rewardType": "NEW_PRICE",
          "threshold": 1,
          "limit": 0,
          "multiProducts": false,
          "cardDependencyFlag": false,
          "bestPromotion": true,
          "comparativePrice": {
            "pricePerUnit": 12,
            "unitQuantity": 1,
            "unitQuantityUom": "m",
            "measureDescription": "1m"
          }
        }
      ],
      "categoryTrees": [
        {
          "level0": "Personal Care",
          "level1": "Beauty & Grooming",
          "level2": "Oral Health"
        }
      ],
      "cateredFlag": false
    },
    {
      "productId": "5025622-EA-000",
      "brand": "Palmolive Naturals",
      "name": "Milk & Honey Nourishing Liquid Hand Wash Refill",
      "displayName": "500ml",
      "availability": [
        "IN_STORE",
        "ONLINE"
      ],
      "saleType": "UNITS",
      "restrictedFlag": false,
      "liquorFlag": false,
      "tobaccoFlag": false,
      "originRegulated": false,
      "singlePrice": {
        "price": 299,
        "promoId": "129012512",
        "comparativePrice": {
          "pricePerUnit": 60,
          "unitQuantity": 100,
          "unitQuantityUom": "ml",
          "measureDescription": "100ml"
        }
      },
      "promotions": [
        {
          "promoId": "129012512",
          "rewardValue": 299,
          "decal": "6000",
          "sapType": "BASE",
          "rewardType": "NEW_PRICE",
          "threshold": 1,
          "limit": 0,
          "multiProducts": false,
          "cardDependencyFlag": false,
          "bestPromotion": true,
          "comparativePrice": {
            "pricePerUnit": 60,
            "unitQuantity": 100,
            "unitQuantityUom": "ml",
            "measureDescription": "100ml"
          }
        }
      ],
      "facets": [
        {
          "itemCode": "00020004",
          "itemDescription": "Gluten Free"
        }
      ],
      "categoryTrees": [
        {
          "level0": "Personal Care",
          "level1": "Beauty & Grooming",
          "level2": "Hand & Body Care"
        }
      ],
      "cateredFlag": false
    },
    {
      "productId": "5259250-EA-000",
      "brand": "Sunsilk",
      "name": "Soft & Smooth Conditioner",
      "displayName": "350ml",
      "availability": [
        "IN_STORE",
        "ONLINE"
      ],
      "saleType": "UNITS",
      "restrictedFlag": false,
      "liquorFlag": false,
      "tobaccoFlag": false,
      "originRegulated": false,
      "singlePrice": {
        "price": 675,
        "comparativePrice": {
          "pricePerUnit": 193,
          "unitQuantity": 100,
          "unitQuantityUom": "ml",
          "measureDescription": "100ml"
        }
      },
      "facets": [
        {
          "itemCode": "00020012",
          "itemDescription": "Non-GMO"
        }
      ],
      "categoryTrees": [
        {
          "level0": "Personal Care",
          "level1": "Beauty & Grooming",
          "level2": "Hair Care & Treatments"
        }
      ],
      "cateredFlag": false
    },
    {
      "productId": "5016590-EA-000",
      "brand": "Colgate",
      "name": "Plax Spearmint Alcohol Free Mouthwash",
      "displayName": "500ml",
      "availability": [
        "IN_STORE",
        "ONLINE"
      ],
      "saleType": "UNITS",
      "restrictedFlag": false,
      "liquorFlag": false,
      "tobaccoFlag": false,
      "originRegulated": false,
      "singlePrice": {
        "price": 459,
        "promoId": "128943670",
        "comparativePrice": {
          "pricePerUnit": 92,
          "unitQuantity": 100,
          "unitQuantityUom": "ml",
          "measureDescription": "100ml"
        }
      },
      "promotions": [
        {
          "promoId": "128943670",
          "rewardValue": 459,
          "decal": "6000",
          "sapType": "BASE",
          "rewardType": "NEW_PRICE",
          "threshold": 1,
          "limit": 0,
          "multiProducts": false,
          "cardDependencyFlag": false,
          "bestPromotion": true,
          "comparativePrice": {
            "pricePerUnit": 92,
            "unitQuantity": 100,
            "unitQuantityUom": "ml",
            "measureDescription": "100ml"
          }
        }
      ],
      "categoryTrees": [
        {
          "level0": "Personal Care",
          "level1": "Beauty & Grooming",
          "level2": "Oral Health"
        }
      ],
      "cateredFlag": false
    },
    {
      "productId": "5238173-EA-000",
      "brand": "Nivea Men",
      "name": "Deep Black Carbon Impact 48Hr Anti-Perspirant Deodorant",
      "displayName": "250ml",
      "availability": [
        "IN_STORE",
        "ONLINE"
      ],
      "saleType": "UNITS",
      "restrictedFlag": false,
      "liquorFlag": false,
      "tobaccoFlag": false,
      "originRegulated": false,
      "singlePrice": {
        "price": 799,
        "comparativePrice": {
          "pricePerUnit": 320,
          "unitQuantity": 100,
          "unitQuantityUom": "ml",
          "measureDescription": "100ml"
        }
      },
      "categoryTrees": [
        {
          "level0": "Personal Care",
          "level1": "Beauty & Grooming",
          "level2": "Deodorants"
        }
      ],
      "cateredFlag": false
    },
    {
      "productId": "5002864-EA-000",
      "brand": "Libra",
      "name": "Body Fit Regular Tampons",
      "displayName": "16pk",
      "availability": [
        "IN_STORE",
        "ONLINE"
      ],
      "saleType": "UNITS",
      "restrictedFlag": false,
      "liquorFlag": false,
      "tobaccoFlag": false,
      "originRegulated": false,
      "singlePrice": {
        "price": 499,
        "comparativePrice": {
          "pricePerUnit": 31,
          "unitQuantity": 1,
          "unitQuantityUom": "ea",
          "measureDescription": "ea"
        }
      },
      "categoryTrees": [
        {
          "level0": "Personal Care",
          "level1": "Health & Wellness",
          "level2": "Period & Continence Care"
        }
      ],
      "cateredFlag": false
    },
    {
      "productId": "5011736-EA-000",
      "brand": "Carefree",
      "name": "Barely There Unscented Liners",
      "displayName": "42pk",
      "availability": [
        "IN_STORE",
        "ONLINE"
      ],
      "saleType": "UNITS",
      "restrictedFlag": false,
      "liquorFlag": false,
      "tobaccoFlag": false,
      "originRegulated": false,
      "singlePrice": {
        "price": 609,
        "comparativePrice": {
          "pricePerUnit": 1450,
          "unitQuantity": 100,
          "unitQuantityUom": " ",
          "measureDescription": "100"
        }
      },
      "facets": [
        {
          "itemCode": "00020012",
          "itemDescription": "Non-GMO"
        }
      ],
      "categoryTrees": [
        {
          "level0": "Personal Care",
          "level1": "Health & Wellness",
          "level2": "Period & Continence Care"
        }
      ],
      "cateredFlag": false
    },
    {
      "productId": "5273500-EA-000",
      "brand": "Pantene Pro-V",
      "name": "Ultimate 10 Repair & Protect Shampoo",
      "displayName": "375ml",
      "availability": [
        "IN_STORE",
        "ONLINE"
      ],
      "saleType": "UNITS",
      "restrictedFlag": false,
      "liquorFlag": false,
      "tobaccoFlag": false,
      "originRegulated": false,
      "singlePrice": {
        "price": 499,
        "promoId": "129022057",
        "comparativePrice": {
          "pricePerUnit": 133,
          "unitQuantity": 100,
          "unitQuantityUom": "ml",
          "measureDescription": "100ml"
        }
      },
      "promotions": [
        {
          "promoId": "129022057",
          "rewardValue": 499,
          "decal": "6000",
          "sapType": "BASE",
          "rewardType": "NEW_PRICE",
          "threshold": 1,
          "limit": 0,
          "multiProducts": false,
          "cardDependencyFlag": false,
          "bestPromotion": true,
          "comparativePrice": {
            "pricePerUnit": 133,
            "unitQuantity": 100,
            "unitQuantityUom": "ml",
            "measureDescription": "100ml"
          }
        }
      ],
      "categoryTrees": [
        {
          "level0": "Personal Care",
          "level1": "Beauty & Grooming",
          "level2": "Hair Care & Treatments"
        }
      ],
      "cateredFlag": false
    },
    {
      "productId": "5028153-EA-000",
      "brand": "Listerine",
      "name": "FreshBurst Antibacterial Mouthwash",
      "displayName": "1l",
      "availability": [
        "IN_STORE",
        "ONLINE"
      ],
      "saleType": "UNITS",
      "restrictedFlag": false,
      "liquorFlag": false,
      "tobaccoFlag": false,
      "originRegulated": false,
      "singlePrice": {
        "price": 999,
        "promoId": "128929525",
        "comparativePrice": {
          "pricePerUnit": 100,
          "unitQuantity": 100,
          "unitQuantityUom": "ml",
          "measureDescription": "100ml"
        }
      },
      "promotions": [
        {
          "promoId": "128929525",
          "rewardValue": 999,
          "decal": "6000",
          "sapType": "BASE",
          "rewardType": "NEW_PRICE",
          "threshold": 1,
          "limit": 0,
          "multiProducts": false,
          "cardDependencyFlag": false,
          "bestPromotion": true,
          "comparativePrice": {
            "pricePerUnit": 100,
            "unitQuantity": 100,
            "unitQuantityUom": "ml",
            "measureDescription": "100ml"
          }
        }
      ],
      "facets": [
        {
          "itemCode": "00020012",
          "itemDescription": "Non-GMO"
        }
      ],
      "categoryTrees": [
        {
          "level0": "Personal Care",
          "level1": "Beauty & Grooming",
          "level2": "Oral Health"
        }
      ],
      "cateredFlag": false
    },
    {
      "productId": "5005848-EA-000",
      "brand": "Mouthfresh",
      "name": "Adult Medium Toothbrush",
      "displayName": "1pk",
      "availability": [
        "IN_STORE",
        "ONLINE"
      ],
      "saleType": "UNITS",
      "restrictedFlag": false,
      "liquorFlag": false,
      "tobaccoFlag": false,
      "originRegulated": false,
      "singlePrice": {
        "price": 99,
        "promoId": "128865392"
      },
      "promotions": [
        {
          "promoId": "128865392",
          "rewardValue": 99,
          "decal": "6000",
          "sapType": "BASE",
          "rewardType": "NEW_PRICE",
          "threshold": 1,
          "limit": 0,
          "multiProducts": false,
          "cardDependencyFlag": false,
          "bestPromotion": true
        }
      ],
      "categoryTrees": [
        {
          "level0": "Personal Care",
          "level1": "Beauty & Grooming",
          "level2": "Oral Health"
        }
      ],
      "cateredFlag": false
    },
    {
      "productId": "5012219-EA-000",
      "brand": "Mitchum",
      "name": "Sport Anti-Perspirant Deodorant",
      "displayName": "50ml",
      "availability": [
        "IN_STORE",
        "ONLINE"
      ],
      "saleType": "UNITS",
      "restrictedFlag": false,
      "liquorFlag": false,
      "tobaccoFlag": false,
      "originRegulated": false,
      "singlePrice": {
        "price": 349,
        "promoId": "128929086",
        "comparativePrice": {
          "pricePerUnit": 698,
          "unitQuantity": 100,
          "unitQuantityUom": "ml",
          "measureDescription": "100ml"
        }
      },
      "promotions": [
        {
          "promoId": "128929086",
          "rewardValue": 349,
          "decal": "6000",
          "sapType": "BASE",
          "rewardType": "NEW_PRICE",
          "threshold": 1,
          "limit": 0,
          "multiProducts": false,
          "cardDependencyFlag": false,
          "bestPromotion": true,
          "comparativePrice": {
            "pricePerUnit": 698,
            "unitQuantity": 100,
            "unitQuantityUom": "ml",
            "measureDescription": "100ml"
          }
        }
      ],
      "categoryTrees": [
        {
          "level0": "Personal Care",
          "level1": "Beauty & Grooming",
          "level2": "Deodorants"
        }
      ],
      "cateredFlag": false
    },
    {
      "productId": "5006825-EA-000",
      "brand": "Reach",
      "name": "Cleanburst Spearmint Waxed Dental Floss",
      "displayName": "1pk",
      "availability": [
        "IN_STORE",
        "ONLINE"
      ],
      "saleType": "UNITS",
      "restrictedFlag": false,
      "liquorFlag": false,
      "tobaccoFlag": false,
      "originRegulated": false,
      "singlePrice": {
        "price": 249,
        "promoId": "128898374",
        "comparativePrice": {
          "pricePerUnit": 5,
          "unitQuantity": 1,
          "unitQuantityUom": "m",
          "measureDescription": "1m"
        }
      },
      "promotions": [
        {
          "promoId": "128898374",
          "rewardValue": 249,
          "decal": "6000",
          "sapType": "BASE",
          "rewardType": "NEW_PRICE",
          "threshold": 1,
          "limit": 0,
          "multiProducts": false,
          "cardDependencyFlag": false,
          "bestPromotion": true,
          "comparativePrice": {
            "pricePerUnit": 5,
            "unitQuantity": 1,
            "unitQuantityUom": "m",
            "measureDescription": "1m"
          }
        }
      ],
      "categoryTrees": [
        {
          "level0": "Personal Care",
          "level1": "Beauty & Grooming",
          "level2": "Oral Health"
        }
      ],
      "cateredFlag": false
    },
    {
      "productId": "5242318-EA-000",
      "brand": "Musashi",
      "name": "Vanilla Flavour Protein Wafer",
      "displayName": "40g",
      "availability": [
        "IN_STORE",
        "ONLINE"
      ],
      "saleType": "UNITS",
      "restrictedFlag": false,
      "liquorFlag": false,
      "tobaccoFlag": false,
      "originRegulated": false,
      "singlePrice": {
        "price": 399,
        "comparativePrice": {
          "pricePerUnit": 998,
          "unitQuantity": 100,
          "unitQuantityUom": "g",
          "measureDescription": "100g"
        }
      },
      "categoryTrees": [
        {
          "level0": "Personal Care",
          "level1": "Health & Wellness",
          "level2": "Wellness & Sports Nutrition"
        }
      ],
      "cateredFlag": false
    },
    {
      "productId": "5273376-EA-000",
      "brand": "Pantene",
      "name": "Classic Clean Shampoo",
      "displayName": "375ml",
      "availability": [
        "IN_STORE",
        "ONLINE"
      ],
      "saleType": "UNITS",
      "restrictedFlag": false,
      "liquorFlag": false,
      "tobaccoFlag": false,
      "originRegulated": false,
      "singlePrice": {
        "price": 499,
        "promoId": "129022057",
        "comparativePrice": {
          "pricePerUnit": 133,
          "unitQuantity": 100,
          "unitQuantityUom": "ml",
          "measureDescription": "100ml"
        }
      },
      "promotions": [
        {
          "promoId": "129022057",
          "rewardValue": 499,
          "decal": "6000",
          "sapType": "BASE",
          "rewardType": "NEW_PRICE",
          "threshold": 1,
          "limit": 0,
          "multiProducts": false,
          "cardDependencyFlag": false,
          "bestPromotion": true,
          "comparativePrice": {
            "pricePerUnit": 133,
            "unitQuantity": 100,
            "unitQuantityUom": "ml",
            "measureDescription": "100ml"
          }
        }
      ],
      "categoryTrees": [
        {
          "level0": "Personal Care",
          "level1": "Beauty & Grooming",
          "level2": "Hair Care & Treatments"
        }
      ],
      "cateredFlag": false
    },
    {
      "productId": "5019073-EA-000",
      "brand": "Tena",
      "name": "Standard Length Liners",
      "displayName": "30pk",
      "availability": [
        "IN_STORE",
        "ONLINE"
      ],
      "saleType": "UNITS",
      "restrictedFlag": false,
      "liquorFlag": false,
      "tobaccoFlag": false,
      "originRegulated": false,
      "singlePrice": {
        "price": 499,
        "promoId": "128901896",
        "comparativePrice": {
          "pricePerUnit": 17,
          "unitQuantity": 1,
          "unitQuantityUom": "ea",
          "measureDescription": "ea"
        }
      },
      "promotions": [
        {
          "promoId": "128901896",
          "rewardValue": 499,
          "decal": "6000",
          "sapType": "BASE",
          "rewardType": "NEW_PRICE",
          "threshold": 1,
          "limit": 0,
          "multiProducts": false,
          "cardDependencyFlag": false,
          "bestPromotion": true,
          "comparativePrice": {
            "pricePerUnit": 17,
            "unitQuantity": 1,
            "unitQuantityUom": "ea",
            "measureDescription": "ea"
          }
        }
      ],
      "categoryTrees": [
        {
          "level0": "Personal Care",
          "level1": "Health & Wellness",
          "level2": "Period & Continence Care"
        }
      ],
      "cateredFlag": false
    },
    {
      "productId": "5273502-EA-000",
      "brand": "Pantene Pro-V",
      "name": "Ultimate 10 Repair & Protect Conditioner",
      "displayName": "375ml",
      "availability": [
        "IN_STORE",
        "ONLINE"
      ],
      "saleType": "UNITS",
      "restrictedFlag": false,
      "liquorFlag": false,
      "tobaccoFlag": false,
      "originRegulated": false,
      "singlePrice": {
        "price": 499,
        "promoId": "129022057",
        "comparativePrice": {
          "pricePerUnit": 133,
          "unitQuantity": 100,
          "unitQuantityUom": "ml",
          "measureDescription": "100ml"
        }
      },
      "promotions": [
        {
          "promoId": "129022057",
          "rewardValue": 499,
          "decal": "6000",
          "sapType": "BASE",
          "rewardType": "NEW_PRICE",
          "threshold": 1,
          "limit": 0,
          "multiProducts": false,
          "cardDependencyFlag": false,
          "bestPromotion": true,
          "comparativePrice": {
            "pricePerUnit": 133,
            "unitQuantity": 100,
            "unitQuantityUom": "ml",
            "measureDescription": "100ml"
          }
        }
      ],
      "categoryTrees": [
        {
          "level0": "Personal Care",
          "level1": "Beauty & Grooming",
          "level2": "Hair Care & Treatments"
        }
      ],
      "cateredFlag": false
    },
    {
      "productId": "5029490-EA-000",
      "brand": "U By Kotex",
      "name": "Sport Liners",
      "displayName": "30pk",
      "availability": [
        "IN_STORE",
        "ONLINE"
      ],
      "saleType": "UNITS",
      "restrictedFlag": false,
      "liquorFlag": false,
      "tobaccoFlag": false,
      "originRegulated": false,
      "singlePrice": {
        "price": 399,
        "promoId": "128961184",
        "comparativePrice": {
          "pricePerUnit": 13,
          "unitQuantity": 1,
          "unitQuantityUom": "ea",
          "measureDescription": "ea"
        }
      },
      "promotions": [
        {
          "promoId": "128961184",
          "rewardValue": 399,
          "decal": "6000",
          "sapType": "BASE",
          "rewardType": "NEW_PRICE",
          "threshold": 1,
          "limit": 0,
          "multiProducts": false,
          "cardDependencyFlag": false,
          "bestPromotion": true,
          "comparativePrice": {
            "pricePerUnit": 13,
            "unitQuantity": 1,
            "unitQuantityUom": "ea",
            "measureDescription": "ea"
          }
        }
      ],
      "categoryTrees": [
        {
          "level0": "Personal Care",
          "level1": "Health & Wellness",
          "level2": "Period & Continence Care"
        }
      ],
      "cateredFlag": false
    },
    {
      "productId": "5259249-EA-000",
      "brand": "Sunsilk",
      "name": "Soft & Smooth Shampoo",
      "displayName": "350ml",
      "availability": [
        "IN_STORE",
        "ONLINE"
      ],
      "saleType": "UNITS",
      "restrictedFlag": false,
      "liquorFlag": false,
      "tobaccoFlag": false,
      "originRegulated": false,
      "singlePrice": {
        "price": 675,
        "comparativePrice": {
          "pricePerUnit": 193,
          "unitQuantity": 100,
          "unitQuantityUom": "ml",
          "measureDescription": "100ml"
        }
      },
      "facets": [
        {
          "itemCode": "00020012",
          "itemDescription": "Non-GMO"
        }
      ],
      "categoryTrees": [
        {
          "level0": "Personal Care",
          "level1": "Beauty & Grooming",
          "level2": "Hair Care & Treatments"
        }
      ],
      "cateredFlag": false
    },
    {
      "productId": "5262005-EA-000",
      "brand": "Gillette",
      "name": "Blue II Disposable Razor Plus Pivot",
      "displayName": "11pk",
      "availability": [
        "IN_STORE",
        "ONLINE"
      ],
      "saleType": "UNITS",
      "restrictedFlag": false,
      "liquorFlag": false,
      "tobaccoFlag": false,
      "originRegulated": false,
      "singlePrice": {
        "price": 1179,
        "comparativePrice": {
          "pricePerUnit": 107,
          "unitQuantity": 1,
          "unitQuantityUom": "ea",
          "measureDescription": "ea"
        }
      },
      "categoryTrees": [
        {
          "level0": "Personal Care",
          "level1": "Beauty & Grooming",
          "level2": "Shaving & Hair Removal"
        }
      ],
      "cateredFlag": false
    },
    {
      "productId": "5031093-EA-000",
      "brand": "Sensodyne",
      "name": "Repair & Protect Extra Fresh Toothpaste",
      "displayName": "100g",
      "availability": [
        "IN_STORE",
        "ONLINE"
      ],
      "saleType": "UNITS",
      "restrictedFlag": false,
      "liquorFlag": false,
      "tobaccoFlag": false,
      "originRegulated": false,
      "singlePrice": {
        "price": 969,
        "promoId": "128929033",
        "comparativePrice": {
          "pricePerUnit": 969,
          "unitQuantity": 100,
          "unitQuantityUom": "g",
          "measureDescription": "100g"
        }
      },
      "promotions": [
        {
          "promoId": "128929033",
          "rewardValue": 969,
          "decal": "6000",
          "sapType": "BASE",
          "rewardType": "NEW_PRICE",
          "threshold": 1,
          "limit": 0,
          "multiProducts": false,
          "cardDependencyFlag": false,
          "bestPromotion": true,
          "comparativePrice": {
            "pricePerUnit": 969,
            "unitQuantity": 100,
            "unitQuantityUom": "g",
            "measureDescription": "100g"
          }
        }
      ],
      "categoryTrees": [
        {
          "level0": "Personal Care",
          "level1": "Beauty & Grooming",
          "level2": "Oral Health"
        }
      ],
      "cateredFlag": false
    }
  ],
  "algoliaSearchResult": {
    "facets": {
      "brand": {
        "Healtheries": 70,
        "L'Oreal Paris": 65,
        "Nivea": 64,
        "Colgate": 62,
        "Garnier": 46,
        "Red Seal": 46,
        "Glow Lab": 39,
        "Musashi": 39,
        "Dove": 35,
        "Neutrogena": 34,
        "Korbond": 33,
        "North Head": 33,
        "Ecostore": 32,
        "Nivea Men": 31,
        "Dettol": 29,
        "Schick": 29,
        "Head & Shoulders": 28,
        "Gillette": 26,
        "Oral-B": 25,
        "Essano": 22,
        "Pams": 22,
        "Sunsilk": 20,
        "Olay": 19,
        "Carefree": 18,
        "OGX": 18,
        "Schwarzkopf Extra Care": 18,
        "Sensodyne": 18,
        "U By Kotex": 18,
        "Palmolive": 17,
        "Pantene Pro-V": 17,
        "Listerine": 15,
        "Tresemme": 15,
        "Elastoplast": 14,
        "Tena": 14,
        "Libra": 13,
        "Palmolive Naturals": 13,
        "Poise": 13,
        "Anihana": 12,
        "Berocca": 12,
        "Herbal Essences": 12,
        "Lynx": 12,
        "Nature's Way": 12,
        "Rexona": 12,
        "Pantene": 11,
        "Veet": 11,
        "Aveeno": 10,
        "Durex": 10,
        "Grin": 10,
        "Rexona Men": 10,
        "Value": 10,
        "Vicks": 10,
        "Atkins": 9,
        "Gaviscon": 9,
        "Nurofen": 9,
        "Quest": 9,
        "Centrum": 8,
        "Gillette Venus": 8,
        "Organic Care": 8,
        "Strepsils": 8,
        "Mouthfresh": 7,
        "Napro": 7,
        "Reach": 7,
        "Schwarzkopf Live": 7,
        "Vaseline": 7,
        "Horleys": 6,
        "Just For Men": 6,
        "Lemsip": 6,
        "Nourish": 6,
        "Panadol": 6,
        "Polident": 6,
        "Protex": 6,
        "Schwarzkopf Brilliance": 6,
        "Simply Silk": 6,
        "Stayfree": 6,
        "Tom Organic": 6,
        "Blistex": 5,
        "Codral": 5,
        "Dominate": 5,
        "Essano Rosehip": 5,
        "Marzena": 5,
        "Mitchum": 5,
        "Natures Way": 5,
        "Radox": 5,
        "Silk": 5,
        "Skyn": 5,
        "Tampax": 5,
        "Zealea": 5,
        "d3": 5,
        "Banana Boat": 4,
        "Barebells": 4,
        "Batiste": 4,
        "Bic": 4,
        "Brut": 4,
        "Cetaphil": 4,
        "Cool Charm": 4,
        "Depend": 4,
        "Em's Power Cookies": 4,
        "Ethics": 4,
        "Femfresh": 4,
        "Helena": 4
      },
      "category1NI": {
        "Beauty & Grooming": 1180,
        "Health & Wellness": 537,
        "Pams": 11,
        "Baby Care": 2,
        "Biscuits & Crackers": 2,
        "Snack Foods": 1
      },
      "onPromotion": {
        "21ecaaed-0749-4492-985e-4bb7ba43d59c": 717,
        "b92cc33f-b5a8-4b57-9b82-412946800020": 578,
        "e1925ea7-01bc-4358-ae7c-c6502da5ab12": 572,
        "3c5e3145-0767-4066-9349-6c0a1313acc5": 530,
        "92086ded-a55d-4241-a364-7d7ea91531b4": 530,
        "65defcf2-bc15-490e-a84f-1f13b769cd22": 526,
        "c0f80e87-16be-4488-9553-da437e8c6c2a": 525,
        "64eab5b1-8d79-45f4-94f1-02b8cf8b6202": 516,
        "c180a72d-5dbe-4403-b7c7-91655e505492": 512,
        "3404c253-577f-45ca-b301-c98312e46efb": 509,
        "48dd98cc-a757-4102-b15d-ea82b4b10571": 508,
        "8f0d70be-5cb7-464b-99cb-8b0130671895": 507,
        "714431ab-6e39-4df6-ac77-cfc5c1e25bc8": 506,
        "3bb30799-82ce-4648-8c02-5113228963ed": 500,
        "33d8d6fc-861a-45ff-9937-5ccdb55eaede": 493,
        "a7d09522-bee2-41e4-8fe0-0b82b7f342f5": 493,
        "c3f9e1a3-fc34-452d-af2e-95349e666ba4": 489,
        "b2e98a14-c8ca-401e-99ed-edf74570c6f6": 487,
        "15e6f441-5c1c-4d25-b4ec-1adf918c49c7": 480,
        "5f167936-79ae-4f6a-b9d2-74afe1bb096b": 478,
        "49037947-e450-49bf-ba1f-a94551c79a72": 475,
        "61dd754e-8525-4b9e-9e08-173389eea8a8": 473,
        "53989945-1a28-481d-a61c-d6f75f760ada": 469,
        "7d48a781-4f68-4c91-a908-8659e1b22f95": 468,
        "01a114de-149c-4f5f-80a1-90cc63f69c6e": 463,
        "5cf0392f-c187-4fc4-a463-eb269d2e8f45": 461,
        "6cda96e1-7d29-44a6-956b-3fcfdecc8184": 460,
        "90082979-fb9f-4305-9c72-83274fc438cc": 453,
        "715f0e22-95e0-45ce-af3a-07057209976e": 452,
        "c2204dae-579e-4b6b-9d42-2e13ceaa6031": 452,
        "1c388d5e-29ac-4956-b476-cb3431353d2e": 450,
        "b83029b6-5dd5-449e-8056-26f3943a4e18": 449,
        "b39562a4-2b72-43fe-b9ba-eda1d651ad0b": 447,
        "98ec3885-ac93-4fcb-807b-59c9055c52c4": 444,
        "529d66cc-60e3-432e-b8d1-efc9f2ec4919": 442,
        "6e6809dd-01bc-45c9-aab1-f01ccd8338b0": 442,
        "2ed73be8-936d-4f35-9398-75a707f40a7b": 438,
        "b29a98bd-749c-489c-9eef-6aa38e66a29b": 437,
        "be4c4780-218e-425a-a90f-63e21773572b": 433,
        "d6d39eea-889d-4e20-923c-55cab225cf7f": 433,
        "9cd8eb60-3222-4efc-bd7c-50e03e6a81a4": 430,
        "dbca5e00-f7f9-43ae-91de-031ad16f8a92": 428,
        "d8032da3-c1b9-456e-b626-41ce21f8c67b": 424,
        "3bfe040b-f0c9-45e0-949b-b9ad5a591d55": 423,
        "4fcc1c8e-cc5e-4675-ba25-5e56b579cf69": 414,
        "4a279605-eaa8-470d-bcd4-0a9e3c9ab43b": 411,
        "af385423-d0f1-41f0-9482-ffd10b745143": 404,
        "50b1216b-d066-4457-b88b-9bccf97bf6d3": 403,
        "d1cd1fdd-8767-46a6-a8d3-c3e0632c2dc8": 401,
        "8cd700ae-d96f-4761-bd7a-805d6b93536d": 398,
        "94ef1985-cab1-4b39-a2f3-230120f03c16": 364,
        "076e8177-943b-41fc-a885-ba3d28297acf": 360,
        "6c73764e-b8e6-4e55-ad37-f6a9d207da1f": 351,
        "60561e46-ece7-43a7-b142-9b14812586e4": 349,
        "3e82142c-78dc-46f3-82ec-28e65fcf84c9": 295
      },
      "productFacets": {
        "Non-GMO": 360,
        "Gluten Free": 114,
        "Vegan": 72,
        "Low Sugar": 53,
        "Organic": 30,
        "Dairy Free": 17,
        "Low Fat": 13,
        "Keto": 7,
        "Vegetarian": 7,
        "Halal": 5
      }
    }
  },
  "totalHits": 1000,
  "page": 3,
  "totalPages": 20,
  "hitsPerPage": 50
}
