{
  "tobaccoProducts": false,
  "products": [
    {
      "productId": "5213591-EA-000",
      "brand": "Nourish",
      "name": "Goat's Milk & Shea Butter Natural Soap",
      "displayName": "3 x 90g",
      "availability": [
        "IN_STORE",
        "ONLINE"
      ],
      "saleType": "UNITS",
      "restrictedFlag": false,
      "liquorFlag": false,
      "tobaccoFlag": false,
      "originRegulated": false,
      "singlePrice": {
        "price": 469,
        "promoId": "128943150",
        "comparativePrice": {
          "pricePerUnit": 174,
          "unitQuantity": 100,
          "unitQuantityUom": "g",
          "measureDescription": "100g"
        }
      },
      "promotions": [
        {
          "promoId": "128943150",
          "rewardValue": 469,
          "decal": "6000",
          "sapType": "BASE",
          "rewardType": "NEW_PRICE",
          "threshold": 1,
          "limit": 0,
          "multiProducts": false,
          "cardDependencyFlag": false,
          "bestPromotion": true,
          "comparativePrice": {
            "pricePerUnit": 174,
            "unitQuantity": 100,
            "unitQuantityUom": "g",
            "measureDescription": "100g"
          }
        }
      ],
      "categoryTrees": [
        {
          "level0": "Personal Care",
          "level1": "Beauty & Grooming",
          "level2": "Hand & Body Care"
        }
      ],
      "cateredFlag": false
    },
    {
      "productId": "5037832-EA-000",
      "brand": "OGX",
      "name": "Argan Oil Of Morocco Conditioner",
      "displayName": "385ml",
      "availability": [
        "IN_STORE",
        "ONLINE"
      ],
      "saleType": "UNITS",
      "restrictedFlag": false,
      "liquorFlag": false,
      "tobaccoFlag": false,
      "originRegulated": false,
      "singlePrice": {
        "price": 999,
        "promoId": "128928784",
        "comparativePrice": {
          "pricePerUnit": 259,
          "unitQuantity": 100,
          "unitQuantityUom": "ml",
          "measureDescription": "100ml"
        }
      },
      "promotions": [
        {
          "promoId": "128928784",
          "rewardValue": 999,
          "decal": "6000",
          "sapType": "BASE",
          "rewardType": "NEW_PRICE",
          "threshold": 1,
          "limit": 0,
          "multiProducts": false,
          "cardDependencyFlag": false,
          "bestPromotion": true,
          "comparativePrice": {
            "pricePerUnit": 259,
            "unitQuantity": 100,
            "unitQuantityUom": "ml",
            "measureDescription": "100ml"
          }
        }
      ],
      "facets": [
        {
          "itemCode": "00020012",
          "itemDescription": "Non-GMO"
        }
      ],
      "categoryTrees": [
        {
          "level0": "Personal Care",
          "level1": "Beauty & Grooming",
          "level2": "Hair Care & Treatments"
        }
      ],
      "cateredFlag": false
    },
    {
      "productId": "5005795-EA-000",
      "brand": "Steradent",
      "name": "Active Plus Extra Strength Denture Cleansing Tablets",
      "displayName": "30pk",
      "availability": [
        "IN_STORE",
        "ONLINE"
      ],
      "saleType": "UNITS",
      "restrictedFlag": false,
      "liquorFlag": false,
      "tobaccoFlag": false,
      "originRegulated": false,
      "singlePrice": {
        "price": 889,
        "comparativePrice": {
          "pricePerUnit": 30,
          "unitQuantity": 1,
          "unitQuantityUom": "ea",
          "measureDescription": "ea"
        }
      },
      "categoryTrees": [
        {
          "level0": "Personal Care",
          "level1": "Beauty & Grooming",
          "level2": "Oral Health"
        }
      ],
      "cateredFlag": false
    },
    {
      "productId": "5018091-EA-000",
      "brand": "Healtheries",
      "name": "Vit D 1000IU One A Day Capsules",
      "displayName": "60pk",
      "availability": [
        "IN_STORE",
        "ONLINE"
      ],
      "saleType": "UNITS",
      "restrictedFlag": false,
      "liquorFlag": false,
      "tobaccoFlag": false,
      "originRegulated": false,
      "singlePrice": {
        "price": 1229,
        "comparativePrice": {
          "pricePerUnit": 2048,
          "unitQuantity": 100,
          "unitQuantityUom": " ",
          "measureDescription": "100"
        }
      },
      "categoryTrees": [
        {
          "level0": "Personal Care",
          "level1": "Health & Wellness",
          "level2": "Vitamins & Supplements"
        }
      ],
      "cateredFlag": false
    },
    {
      "productId": "5033869-EA-000",
      "brand": "Silk",
      "name": "Biodegradable Organic Cotton Balls",
      "displayName": "100pk",
      "availability": [
        "IN_STORE",
        "ONLINE"
      ],
      "saleType": "UNITS",
      "restrictedFlag": false,
      "liquorFlag": false,
      "tobaccoFlag": false,
      "originRegulated": false,
      "singlePrice": {
        "price": 319,
        "promoId": "128865401",
        "comparativePrice": {
          "pricePerUnit": 319,
          "unitQuantity": 100,
          "unitQuantityUom": " ",
          "measureDescription": "100"
        }
      },
      "promotions": [
        {
          "promoId": "128865401",
          "rewardValue": 319,
          "decal": "6000",
          "sapType": "BASE",
          "rewardType": "NEW_PRICE",
          "threshold": 1,
          "limit": 0,
          "multiProducts": false,
          "cardDependencyFlag": false,
          "bestPromotion": true,
          "comparativePrice": {
            "pricePerUnit": 319,
            "unitQuantity": 100,
            "unitQuantityUom": " ",
            "measureDescription": "100"
          }
        }
      ],
      "facets": [
        {
          "itemCode": "00020001",
          "itemDescription": "Organic"
        }
      ],
      "categoryTrees": [
        {
          "level0": "Personal Care",
          "level1": "Beauty & Grooming",
          "level2": "Makeup & Cosmetics"
        }
      ],
      "cateredFlag": false
    },
    {
      "productId": "5229278-EA-000",
      "brand": "Glow Lab",
      "name": "Facial Moisturiser",
      "displayName": "100ml",
      "availability": [
        "IN_STORE",
        "ONLINE"
      ],
      "saleType": "UNITS",
      "restrictedFlag": false,
      "liquorFlag": false,
      "tobaccoFlag": false,
      "originRegulated": false,
      "singlePrice": {
        "price": 1499,
        "comparativePrice": {
          "pricePerUnit": 1499,
          "unitQuantity": 100,
          "unitQuantityUom": "ml",
          "measureDescription": "100ml"
        }
      },
      "categoryTrees": [
        {
          "level0": "Personal Care",
          "level1": "Beauty & Grooming",
          "level2": "Face & Lip Skin Care"
        }
      ],
      "cateredFlag": false
    },
    {
      "productId": "5246940-EA-000",
      "brand": "Nature's Way Kids Smart",
      "name": "Vitamin C + Zinc Vita Gummies",
      "displayName": "110pk",
      "availability": [
        "IN_STORE",
        "ONLINE"
      ],
      "saleType": "UNITS",
      "restrictedFlag": false,
      "liquorFlag": false,
      "tobaccoFlag": false,
      "originRegulated": false,
      "singlePrice": {
        "price": 2099,
        "comparativePrice": {
          "pricePerUnit": 1908,
          "unitQuantity": 100,
          "unitQuantityUom": " ",
          "measureDescription": "100"
        }
      },
      "facets": [
        {
          "itemCode": "00020012",
          "itemDescription": "Non-GMO"
        }
      ],
      "categoryTrees": [
        {
          "level0": "Personal Care",
          "level1": "Health & Wellness",
          "level2": "Wellness & Sports Nutrition"
        }
      ],
      "cateredFlag": false
    },
    {
      "productId": "5240612-EA-000",
      "brand": "Garnier",
      "name": "Fructis Colour Last For Coloured Hair Conditioner",
      "displayName": "315ml",
      "availability": [
        "IN_STORE",
        "ONLINE"
      ],
      "saleType": "UNITS",
      "restrictedFlag": false,
      "liquorFlag": false,
      "tobaccoFlag": false,
      "originRegulated": false,
      "singlePrice": {
        "price": 699,
        "comparativePrice": {
          "pricePerUnit": 222,
          "unitQuantity": 100,
          "unitQuantityUom": "ml",
          "measureDescription": "100ml"
        }
      },
      "categoryTrees": [
        {
          "level0": "Personal Care",
          "level1": "Beauty & Grooming",
          "level2": "Hair Care & Treatments"
        }
      ],
      "cateredFlag": false
    },
    {
      "productId": "5267060-EA-000",
      "brand": "Ecostore",
      "name": "Vanilla Bean & Coconut Hand Wash Refill",
      "displayName": "850ml",
      "availability": [
        "IN_STORE",
        "ONLINE"
      ],
      "saleType": "UNITS",
      "restrictedFlag": false,
      "liquorFlag": false,
      "tobaccoFlag": false,
      "originRegulated": false,
      "singlePrice": {
        "price": 1309,
        "comparativePrice": {
          "pricePerUnit": 154,
          "unitQuantity": 100,
          "unitQuantityUom": "ml",
          "measureDescription": "100ml"
        }
      },
      "facets": [
        {
          "itemCode": "00020013",
          "itemDescription": "Vegan"
        }
      ],
      "categoryTrees": [
        {
          "level0": "Personal Care",
          "level1": "Beauty & Grooming",
          "level2": "Hand & Body Care"
        }
      ],
      "cateredFlag": false
    },
    {
      "productId": "5232535-EA-000",
      "brand": "Maxigesic",
      "name": "PE Triple Action Film Coated Tablets",
      "displayName": "20pk",
      "availability": [
        "IN_STORE",
        "ONLINE"
      ],
      "saleType": "UNITS",
      "restrictedFlag": false,
      "liquorFlag": false,
      "tobaccoFlag": false,
      "originRegulated": false,
      "singlePrice": {
        "price": 1299,
        "comparativePrice": {
          "pricePerUnit": 65,
          "unitQuantity": 1,
          "unitQuantityUom": "ea",
          "measureDescription": "ea"
        }
      },
      "categoryTrees": [
        {
          "level0": "Personal Care",
          "level1": "Health & Wellness",
          "level2": "Pain Relief"
        }
      ],
      "cateredFlag": false
    },
    {
      "productId": "5030965-EA-000",
      "brand": "Ethics",
      "name": "Cold & Flu Relief Tablets",
      "displayName": "20pk",
      "availability": [
        "IN_STORE",
        "ONLINE"
      ],
      "saleType": "UNITS",
      "restrictedFlag": false,
      "liquorFlag": false,
      "tobaccoFlag": false,
      "originRegulated": false,
      "singlePrice": {
        "price": 1049,
        "promoId": "128943010",
        "comparativePrice": {
          "pricePerUnit": 52,
          "unitQuantity": 1,
          "unitQuantityUom": "ea",
          "measureDescription": "ea"
        }
      },
      "promotions": [
        {
          "promoId": "128943010",
          "rewardValue": 1049,
          "decal": "6000",
          "sapType": "BASE",
          "rewardType": "NEW_PRICE",
          "threshold": 1,
          "limit": 0,
          "multiProducts": false,
          "cardDependencyFlag": false,
          "bestPromotion": true,
          "comparativePrice": {
            "pricePerUnit": 52,
            "unitQuantity": 1,
            "unitQuantityUom": "ea",
            "measureDescription": "ea"
          }
        }
      ],
      "categoryTrees": [
        {
          "level0": "Personal Care",
          "level1": "Health & Wellness",
          "level2": "Cough, Cold & Flu"
        }
      ],
      "cateredFlag": false
    },
    {
      "productId": "5283150-EA-000",
      "brand": "Nivea",
      "name": "Gentle Exfoliating Scrub",
      "displayName": "150ml",
      "availability": [
        "IN_STORE",
        "ONLINE"
      ],
      "saleType": "UNITS",
      "restrictedFlag": false,
      "liquorFlag": false,
      "tobaccoFlag": false,
      "originRegulated": false,
      "singlePrice": {
        "price": 1399,
        "comparativePrice": {
          "pricePerUnit": 933,
          "unitQuantity": 100,
          "unitQuantityUom": "ml",
          "measureDescription": "100ml"
        }
      },
      "categoryTrees": [
        {
          "level0": "Personal Care",
          "level1": "Beauty & Grooming",
          "level2": "Face & Lip Skin Care"
        }
      ],
      "cateredFlag": false
    },
    {
      "productId": "5028612-EA-000",
      "brand": "VO5",
      "name": "Extra Hold Hair Spray",
      "displayName": "200g",
      "availability": [
        "IN_STORE",
        "ONLINE"
      ],
      "saleType": "UNITS",
      "restrictedFlag": false,
      "liquorFlag": false,
      "tobaccoFlag": false,
      "originRegulated": false,
      "singlePrice": {
        "price": 699,
        "promoId": "128943766",
        "comparativePrice": {
          "pricePerUnit": 350,
          "unitQuantity": 100,
          "unitQuantityUom": "g",
          "measureDescription": "100g"
        }
      },
      "promotions": [
        {
          "promoId": "128943766",
          "rewardValue": 699,
          "decal": "6000",
          "sapType": "BASE",
          "rewardType": "NEW_PRICE",
          "threshold": 1,
          "limit": 0,
          "multiProducts": false,
          "cardDependencyFlag": false,
          "bestPromotion": true,
          "comparativePrice": {
            "pricePerUnit": 350,
            "unitQuantity": 100,
            "unitQuantityUom": "g",
            "measureDescription": "100g"
          }
        }
      ],
      "facets": [
        {
          "itemCode": "00020012",
          "itemDescription": "Non-GMO"
        }
      ],
      "categoryTrees": [
        {
          "level0": "Personal Care",
          "level1": "Beauty & Grooming",
          "level2": "Hair Styling & Accessories"
        }
      ],
      "cateredFlag": false
    },
    {
      "productId": "5025425-EA-000",
      "brand": "Veet",
      "name": "Pure Sensitive Curve Skin Hair Removal Cream",
      "displayName": "100ml",
      "availability": [
        "IN_STORE",
        "ONLINE"
      ],
      "saleType": "UNITS",
      "restrictedFlag": false,
      "liquorFlag": false,
      "tobaccoFlag": false,
      "originRegulated": false,
      "singlePrice": {
        "price": 1099,
        "comparativePrice": {
          "pricePerUnit": 1099,
          "unitQuantity": 100,
          "unitQuantityUom": "ml",
          "measureDescription": "100ml"
        }
      },
      "categoryTrees": [
        {
          "level0": "Personal Care",
          "level1": "Beauty & Grooming",
          "level2": "Shaving & Hair Removal"
        }
      ],
      "cateredFlag": false
    },
    {
      "productId": "5224427-EA-000",
      "brand": "Nivea Men",
      "name": "Pure Impact Purifying & Minerals Shower Gel",
      "displayName": "500ml",
      "availability": [
        "IN_STORE",
        "ONLINE"
      ],
      "saleType": "UNITS",
      "restrictedFlag": false,
      "liquorFlag": false,
      "tobaccoFlag": false,
      "originRegulated": false,
      "singlePrice": {
        "price": 909,
        "comparativePrice": {
          "pricePerUnit": 182,
          "unitQuantity": 100,
          "unitQuantityUom": "ml",
          "measureDescription": "100ml"
        }
      },
      "categoryTrees": [
        {
          "level0": "Personal Care",
          "level1": "Beauty & Grooming",
          "level2": "Hand & Body Care"
        }
      ],
      "cateredFlag": false
    },
    {
      "productId": "5275623-EA-000",
      "brand": "Blistex",
      "name": "Hydration SPF15 Lip Infusions",
      "displayName": "3.7g",
      "availability": [
        "IN_STORE",
        "ONLINE"
      ],
      "saleType": "UNITS",
      "restrictedFlag": false,
      "liquorFlag": false,
      "tobaccoFlag": false,
      "originRegulated": false,
      "singlePrice": {
        "price": 669,
        "promoId": "128879106",
        "comparativePrice": {
          "pricePerUnit": 18081,
          "unitQuantity": 100,
          "unitQuantityUom": "g",
          "measureDescription": "100g"
        }
      },
      "promotions": [
        {
          "promoId": "128879106",
          "rewardValue": 669,
          "decal": "6000",
          "sapType": "BASE",
          "rewardType": "NEW_PRICE",
          "threshold": 1,
          "limit": 0,
          "multiProducts": false,
          "cardDependencyFlag": false,
          "bestPromotion": true,
          "comparativePrice": {
            "pricePerUnit": 18081,
            "unitQuantity": 100,
            "unitQuantityUom": "g",
            "measureDescription": "100g"
          }
        }
      ],
      "facets": [
        {
          "itemCode": "00020012",
          "itemDescription": "Non-GMO"
        }
      ],
      "categoryTrees": [
        {
          "level0": "Personal Care",
          "level1": "Beauty & Grooming",
          "level2": "Face & Lip Skin Care"
        }
      ],
      "cateredFlag": false
    },
    {
      "productId": "5102966-EA-000",
      "brand": "Listerine",
      "name": "Total Care Teeth Defence Antibacterial Mouthwash",
      "displayName": "1l",
      "availability": [
        "IN_STORE",
        "ONLINE"
      ],
      "saleType": "UNITS",
      "restrictedFlag": false,
      "liquorFlag": false,
      "tobaccoFlag": false,
      "originRegulated": false,
      "singlePrice": {
        "price": 1599,
        "comparativePrice": {
          "pricePerUnit": 160,
          "unitQuantity": 100,
          "unitQuantityUom": "ml",
          "measureDescription": "100ml"
        }
      },
      "categoryTrees": [
        {
          "level0": "Personal Care",
          "level1": "Beauty & Grooming",
          "level2": "Oral Health"
        }
      ],
      "cateredFlag": false
    },
    {
      "productId": "5240614-EA-000",
      "brand": "Garnier",
      "name": "Fructis Colour Last For Coloured Hair Shampoo",
      "displayName": "315ml",
      "availability": [
        "IN_STORE",
        "ONLINE"
      ],
      "saleType": "UNITS",
      "restrictedFlag": false,
      "liquorFlag": false,
      "tobaccoFlag": false,
      "originRegulated": false,
      "singlePrice": {
        "price": 699,
        "comparativePrice": {
          "pricePerUnit": 222,
          "unitQuantity": 100,
          "unitQuantityUom": "ml",
          "measureDescription": "100ml"
        }
      },
      "categoryTrees": [
        {
          "level0": "Personal Care",
          "level1": "Beauty & Grooming",
          "level2": "Hair Care & Treatments"
        }
      ],
      "cateredFlag": false
    },
    {
      "productId": "5240603-EA-000",
      "brand": "Garnier",
      "name": "Fructis Nutri-Repair Nourishing Shampoo",
      "displayName": "315ml",
      "availability": [
        "IN_STORE",
        "ONLINE"
      ],
      "saleType": "UNITS",
      "restrictedFlag": false,
      "liquorFlag": false,
      "tobaccoFlag": false,
      "originRegulated": false,
      "singlePrice": {
        "price": 699,
        "comparativePrice": {
          "pricePerUnit": 222,
          "unitQuantity": 100,
          "unitQuantityUom": "ml",
          "measureDescription": "100ml"
        }
      },
      "categoryTrees": [
        {
          "level0": "Personal Care",
          "level1": "Beauty & Grooming",
          "level2": "Hair Care & Treatments"
        }
      ],
      "cateredFlag": false
    },
    {
      "productId": "5022191-EA-000",
      "brand": "Nivea Men",
      "name": "Sport 3 In 1 Shower Gel",
      "displayName": "500ml",
      "availability": [
        "IN_STORE",
        "ONLINE"
      ],
      "saleType": "UNITS",
      "restrictedFlag": false,
      "liquorFlag": false,
      "tobaccoFlag": false,
      "originRegulated": false,
      "singlePrice": {
        "price": 909,
        "comparativePrice": {
          "pricePerUnit": 182,
          "unitQuantity": 100,
          "unitQuantityUom": "ml",
          "measureDescription": "100ml"
        }
      },
      "categoryTrees": [
        {
          "level0": "Personal Care",
          "level1": "Beauty & Grooming",
          "level2": "Hand & Body Care"
        }
      ],
      "cateredFlag": false
    },
    {
      "productId": "5217188-EA-000",
      "brand": "Nivea",
      "name": "Black & White Invisible Fresh Anti-Perspirant Deodorant",
      "displayName": "250ml",
      "availability": [
        "IN_STORE",
        "ONLINE"
      ],
      "saleType": "UNITS",
      "restrictedFlag": false,
      "liquorFlag": false,
      "tobaccoFlag": false,
      "originRegulated": false,
      "singlePrice": {
        "price": 799,
        "comparativePrice": {
          "pricePerUnit": 320,
          "unitQuantity": 100,
          "unitQuantityUom": "ml",
          "measureDescription": "100ml"
        }
      },
      "categoryTrees": [
        {
          "level0": "Personal Care",
          "level1": "Beauty & Grooming",
          "level2": "Deodorants"
        }
      ],
      "cateredFlag": false
    },
    {
      "productId": "5002393-EA-000",
      "brand": "Aspro",
      "name": "Extra Strength Soluble Aspirin 500mg Tablets",
      "displayName": "16pk",
      "availability": [
        "IN_STORE",
        "ONLINE"
      ],
      "saleType": "UNITS",
      "restrictedFlag": false,
      "liquorFlag": false,
      "tobaccoFlag": false,
      "originRegulated": false,
      "singlePrice": {
        "price": 749,
        "comparativePrice": {
          "pricePerUnit": 47,
          "unitQuantity": 1,
          "unitQuantityUom": "ea",
          "measureDescription": "ea"
        }
      },
      "facets": [
        {
          "itemCode": "00020004",
          "itemDescription": "Gluten Free"
        }
      ],
      "categoryTrees": [
        {
          "level0": "Personal Care",
          "level1": "Health & Wellness",
          "level2": "Pain Relief"
        }
      ],
      "cateredFlag": false
    },
    {
      "productId": "5031552-EA-000",
      "brand": "Healtheries",
      "name": "Men's Multi One A Day Tablets",
      "displayName": "100pk",
      "availability": [
        "IN_STORE",
        "ONLINE"
      ],
      "saleType": "UNITS",
      "restrictedFlag": false,
      "liquorFlag": false,
      "tobaccoFlag": false,
      "originRegulated": false,
      "singlePrice": {
        "price": 2729,
        "comparativePrice": {
          "pricePerUnit": 2729,
          "unitQuantity": 100,
          "unitQuantityUom": " ",
          "measureDescription": "100"
        }
      },
      "facets": [
        {
          "itemCode": "00020004",
          "itemDescription": "Gluten Free"
        }
      ],
      "categoryTrees": [
        {
          "level0": "Personal Care",
          "level1": "Health & Wellness",
          "level2": "Vitamins & Supplements"
        }
      ],
      "cateredFlag": false
    },
    {
      "productId": "5037051-EA-000",
      "brand": "OGX",
      "name": "Nourishing Coconut Milk Shampoo",
      "displayName": "385ml",
      "availability": [
        "IN_STORE",
        "ONLINE"
      ],
      "saleType": "UNITS",
      "restrictedFlag": false,
      "liquorFlag": false,
      "tobaccoFlag": false,
      "originRegulated": false,
      "singlePrice": {
        "price": 999,
        "promoId": "128928784",
        "comparativePrice": {
          "pricePerUnit": 259,
          "unitQuantity": 100,
          "unitQuantityUom": "ml",
          "measureDescription": "100ml"
        }
      },
      "promotions": [
        {
          "promoId": "128928784",
          "rewardValue": 999,
          "decal": "6000",
          "sapType": "BASE",
          "rewardType": "NEW_PRICE",
          "threshold": 1,
          "limit": 0,
          "multiProducts": false,
          "cardDependencyFlag": false,
          "bestPromotion": true,
          "comparativePrice": {
            "pricePerUnit": 259,
            "unitQuantity": 100,
            "unitQuantityUom": "ml",
            "measureDescription": "100ml"
          }
        }
      ],
      "facets": [
        {
          "itemCode": "00020012",
          "itemDescription": "Non-GMO"
        }
      ],
      "categoryTrees": [
        {
          "level0": "Personal Care",
          "level1": "Beauty & Grooming",
          "level2": "Hair Care & Treatments"
        }
      ],
      "cateredFlag": false
    },
    {
      "productId": "5001181-EA-000",
      "brand": "Dettol",
      "name": "Classic Antiseptic Liquid",
      "displayName": "250ml",
      "availability": [
        "IN_STORE",
        "ONLINE"
      ],
      "saleType": "UNITS",
      "restrictedFlag": false,
      "liquorFlag": false,
      "tobaccoFlag": false,
      "originRegulated": false,
      "singlePrice": {
        "price": 889,
        "comparativePrice": {
          "pricePerUnit": 356,
          "unitQuantity": 100,
          "unitQuantityUom": "ml",
          "measureDescription": "100ml"
        }
      },
      "categoryTrees": [
        {
          "level0": "Personal Care",
          "level1": "Health & Wellness",
          "level2": "First Aid"
        }
      ],
      "cateredFlag": false
    },
    {
      "productId": "5237350-EA-000",
      "brand": "OGX",
      "name": "Thick & Full + Biotin & Collagen Shampoo",
      "displayName": "385ml",
      "availability": [
        "IN_STORE",
        "ONLINE"
      ],
      "saleType": "UNITS",
      "restrictedFlag": false,
      "liquorFlag": false,
      "tobaccoFlag": false,
      "originRegulated": false,
      "singlePrice": {
        "price": 999,
        "promoId": "128928784",
        "comparativePrice": {
          "pricePerUnit": 259,
          "unitQuantity": 100,
          "unitQuantityUom": "ml",
          "measureDescription": "100ml"
        }
      },
      "promotions": [
        {
          "promoId": "128928784",
          "rewardValue": 999,
          "decal": "6000",
          "sapType": "BASE",
          "rewardType": "NEW_PRICE",
          "threshold": 1,
          "limit": 0,
          "multiProducts": false,
          "cardDependencyFlag": false,
          "bestPromotion": true,
          "comparativePrice": {
            "pricePerUnit": 259,
            "unitQuantity": 100,
            "unitQuantityUom": "ml",
            "measureDescription": "100ml"
          }
        }
      ],
      "facets": [
        {
          "itemCode": "00020012",
          "itemDescription": "Non-GMO"
        }
      ],
      "categoryTrees": [
        {
          "level0": "Personal Care",
          "level1": "Beauty & Grooming",
          "level2": "Hair Care & Treatments"
        }
      ],
      "cateredFlag": false
    },
    {
      "productId": "5238514-EA-000",
      "brand": "Vicks",
      "name": "Sinex Eucalyptus & Menthol Nasal Decongestant",
      "displayName": "15ml",
      "availability": [
        "IN_STORE",
        "ONLINE"
      ],
      "saleType": "UNITS",
      "restrictedFlag": false,
      "liquorFlag": false,
      "tobaccoFlag": false,
      "originRegulated": false,
      "singlePrice": {
        "price": 1029,
        "comparativePrice": {
          "pricePerUnit": 6860,
          "unitQuantity": 100,
          "unitQuantityUom": "ml",
          "measureDescription": "100ml"
        }
      },
      "categoryTrees": [
        {
          "level0": "Personal Care",
          "level1": "Health & Wellness",
          "level2": "Cough, Cold & Flu"
        }
      ],
      "cateredFlag": false
    },
    {
      "productId": "5011971-EA-000",
      "brand": "Neutrogena",
      "name": "Make-up Remover Cleansing Towelettes",
      "displayName": "25pk",
      "availability": [
        "IN_STORE",
        "ONLINE"
      ],
      "saleType": "UNITS",
      "restrictedFlag": false,
      "liquorFlag": false,
      "tobaccoFlag": false,
      "originRegulated": false,
      "singlePrice": {
        "price": 849,
        "promoId": "128928818",
        "comparativePrice": {
          "pricePerUnit": 34,
          "unitQuantity": 1,
          "unitQuantityUom": "ea",
          "measureDescription": "ea"
        }
      },
      "promotions": [
        {
          "promoId": "128928818",
          "rewardValue": 849,
          "decal": "6000",
          "sapType": "BASE",
          "rewardType": "NEW_PRICE",
          "threshold": 1,
          "limit": 0,
          "multiProducts": false,
          "cardDependencyFlag": false,
          "bestPromotion": true,
          "comparativePrice": {
            "pricePerUnit": 34,
            "unitQuantity": 1,
            "unitQuantityUom": "ea",
            "measureDescription": "ea"
          }
        }
      ],
      "facets": [
        {
          "itemCode": "00020012",
          "itemDescription": "Non-GMO"
        }
      ],
      "categoryTrees": [
        {
          "level0": "Personal Care",
          "level1": "Beauty & Grooming",
          "level2": "Face & Lip Skin Care"
        }
      ],
      "cateredFlag": false
    },
    {
      "productId": "5286479-EA-000",
      "brand": "Schwarzkopf Extra Care",
      "name": "Colour Perfector Protecting Conditioner",
      "displayName": "400ml",
      "availability": [
        "IN_STORE",
        "ONLINE"
      ],
      "saleType": "UNITS",
      "restrictedFlag": false,
      "liquorFlag": false,
      "tobaccoFlag": false,
      "originRegulated": false,
      "singlePrice": {
        "price": 889,
        "comparativePrice": {
          "pricePerUnit": 222,
          "unitQuantity": 100,
          "unitQuantityUom": "ml",
          "measureDescription": "100ml"
        }
      },
      "categoryTrees": [
        {
          "level0": "Personal Care",
          "level1": "Beauty & Grooming",
          "level2": "Hair Care & Treatments"
        }
      ],
      "cateredFlag": false
    },
    {
      "productId": "5036594-EA-000",
      "brand": "Aveeno",
      "name": "Daily Moisturising Lotion",
      "displayName": "532ml",
      "availability": [
        "IN_STORE",
        "ONLINE"
      ],
      "saleType": "UNITS",
      "restrictedFlag": false,
      "liquorFlag": false,
      "tobaccoFlag": false,
      "originRegulated": false,
      "singlePrice": {
        "price": 2329,
        "comparativePrice": {
          "pricePerUnit": 438,
          "unitQuantity": 100,
          "unitQuantityUom": "ml",
          "measureDescription": "100ml"
        }
      },
      "facets": [
        {
          "itemCode": "00020012",
          "itemDescription": "Non-GMO"
        }
      ],
      "categoryTrees": [
        {
          "level0": "Personal Care",
          "level1": "Beauty & Grooming",
          "level2": "Hand & Body Care"
        }
      ],
      "cateredFlag": false
    },
    {
      "productId": "5012320-EA-000",
      "brand": "Garnier",
      "name": "Nutrisse 5 Chocolate Brown Hair Colour",
      "displayName": "ea",
      "availability": [
        "IN_STORE",
        "ONLINE"
      ],
      "saleType": "UNITS",
      "restrictedFlag": false,
      "liquorFlag": false,
      "tobaccoFlag": false,
      "originRegulated": false,
      "singlePrice": {
        "price": 1429
      },
      "categoryTrees": [
        {
          "level0": "Personal Care",
          "level1": "Beauty & Grooming",
          "level2": "Hair Colouring"
        }
      ],
      "cateredFlag": false
    },
    {
      "productId": "5022495-EA-000",
      "brand": "Schick",
      "name": "Intuition Pure Nourishment Razor Kit",
      "displayName": "ea",
      "availability": [
        "IN_STORE",
        "ONLINE"
      ],
      "saleType": "UNITS",
      "restrictedFlag": false,
      "liquorFlag": false,
      "tobaccoFlag": false,
      "originRegulated": false,
      "singlePrice": {
        "price": 1499
      },
      "categoryTrees": [
        {
          "level0": "Personal Care",
          "level1": "Beauty & Grooming",
          "level2": "Shaving & Hair Removal"
        }
      ],
      "cateredFlag": false
    },
    {
      "productId": "5034357-EA-000",
      "brand": "Nivea Men",
      "name": "Face Body Hands Creme",
      "displayName": "150ml",
      "availability": [
        "IN_STORE",
        "ONLINE"
      ],
      "saleType": "UNITS",
      "restrictedFlag": false,
      "liquorFlag": false,
      "tobaccoFlag": false,
      "originRegulated": false,
      "singlePrice": {
        "price": 1119,
        "comparativePrice": {
          "pricePerUnit": 746,
          "unitQuantity": 100,
          "unitQuantityUom": "ml",
          "measureDescription": "100ml"
        }
      },
      "categoryTrees": [
        {
          "level0": "Personal Care",
          "level1": "Beauty & Grooming",
          "level2": "Face & Lip Skin Care"
        }
      ],
      "cateredFlag": false
    },
    {
      "productId": "5022298-EA-000",
      "brand": "Red Seal",
      "name": "Vitamin C 1000mg Chewable Tablets",
      "displayName": "120pk",
      "availability": [
        "IN_STORE",
        "ONLINE"
      ],
      "saleType": "UNITS",
      "restrictedFlag": false,
      "liquorFlag": false,
      "tobaccoFlag": false,
      "originRegulated": false,
      "singlePrice": {
        "price": 2149,
        "comparativePrice": {
          "pricePerUnit": 1791,
          "unitQuantity": 100,
          "unitQuantityUom": " ",
          "measureDescription": "100"
        }
      },
      "categoryTrees": [
        {
          "level0": "Personal Care",
          "level1": "Health & Wellness",
          "level2": "Vitamins & Supplements"
        }
      ],
      "cateredFlag": false
    },
    {
      "productId": "5276044-EA-000",
      "brand": "Gillette",
      "name": "Mach3 Cartridges",
      "displayName": "5pk",
      "availability": [
        "IN_STORE",
        "ONLINE"
      ],
      "saleType": "UNITS",
      "restrictedFlag": false,
      "liquorFlag": false,
      "tobaccoFlag": false,
      "originRegulated": false,
      "singlePrice": {
        "price": 2999,
        "comparativePrice": {
          "pricePerUnit": 600,
          "unitQuantity": 1,
          "unitQuantityUom": "ea",
          "measureDescription": "ea"
        }
      },
      "categoryTrees": [
        {
          "level0": "Personal Care",
          "level1": "Beauty & Grooming",
          "level2": "Shaving & Hair Removal"
        }
      ],
      "cateredFlag": false
    },
    {
      "productId": "5272026-EA-000",
      "brand": "Healtheries",
      "name": "For Adults Berry Flavour Multi Gummies",
      "displayName": "90pk",
      "availability": [
        "IN_STORE",
        "ONLINE"
      ],
      "saleType": "UNITS",
      "restrictedFlag": false,
      "liquorFlag": false,
      "tobaccoFlag": false,
      "originRegulated": false,
      "singlePrice": {
        "price": 2109,
        "comparativePrice": {
          "pricePerUnit": 2343,
          "unitQuantity": 100,
          "unitQuantityUom": " ",
          "measureDescription": "100"
        }
      },
      "facets": [
        {
          "itemCode": "00020002",
          "itemDescription": "Halal"
        }
      ],
      "categoryTrees": [
        {
          "level0": "Personal Care",
          "level1": "Health & Wellness",
          "level2": "Vitamins & Supplements"
        }
      ],
      "cateredFlag": false
    },
    {
      "productId": "5281413-EA-000",
      "brand": "Korbond",
      "name": "Redberry Ponytail Rolys Medium Black",
      "displayName": "6pk",
      "availability": [
        "IN_STORE",
        "ONLINE"
      ],
      "saleType": "UNITS",
      "restrictedFlag": false,
      "liquorFlag": false,
      "tobaccoFlag": false,
      "originRegulated": false,
      "singlePrice": {
        "price": 409
      },
      "categoryTrees": [
        {
          "level0": "Personal Care",
          "level1": "Beauty & Grooming",
          "level2": "Hair Styling & Accessories"
        }
      ],
      "cateredFlag": false
    },
    {
      "productId": "5027367-EA-000",
      "brand": "Skyn",
      "name": "Intense Feel Soft Non-Latex Condoms",
      "displayName": "10pk",
      "availability": [
        "IN_STORE",
        "ONLINE"
      ],
      "saleType": "UNITS",
      "restrictedFlag": false,
      "liquorFlag": false,
      "tobaccoFlag": false,
      "originRegulated": false,
      "singlePrice": {
        "price": 1249,
        "promoId": "128942803",
        "comparativePrice": {
          "pricePerUnit": 125,
          "unitQuantity": 1,
          "unitQuantityUom": "ea",
          "measureDescription": "ea"
        }
      },
      "promotions": [
        {
          "promoId": "128942803",
          "rewardValue": 1249,
          "decal": "6000",
          "sapType": "BASE",
          "rewardType": "NEW_PRICE",
          "threshold": 1,
          "limit": 0,
          "multiProducts": false,
          "cardDependencyFlag": false,
          "bestPromotion": true,
          "comparativePrice": {
            "pricePerUnit": 125,
            "unitQuantity": 1,
            "unitQuantityUom": "ea",
            "measureDescription": "ea"
          }
        }
      ],
      "categoryTrees": [
        {
          "level0": "Personal Care",
          "level1": "Health & Wellness",
          "level2": "Family Planning"
        }
      ],
      "cateredFlag": false
    },
    {
      "productId": "5018758-EA-000",
      "brand": "Nature's Kiss",
      "name": "Anti-Flamme Extra 50% Arnica Extra Strength Herbal Relief Creme",
      "displayName": "120g",
      "availability": [
        "IN_STORE",
        "ONLINE"
      ],
      "saleType": "UNITS",
      "restrictedFlag": false,
      "liquorFlag": false,
      "tobaccoFlag": false,
      "originRegulated": false,
      "singlePrice": {
        "price": 2599,
        "comparativePrice": {
          "pricePerUnit": 2166,
          "unitQuantity": 100,
          "unitQuantityUom": "g",
          "measureDescription": "100g"
        }
      },
      "categoryTrees": [
        {
          "level0": "Personal Care",
          "level1": "Health & Wellness",
          "level2": "Pain Relief"
        }
      ],
      "cateredFlag": false
    },
    {
      "productId": "5014149-EA-000",
      "brand": "Tresemme",
      "name": "Extra Hold Hairspray",
      "displayName": "360g",
      "availability": [
        "IN_STORE",
        "ONLINE"
      ],
      "saleType": "UNITS",
      "restrictedFlag": false,
      "liquorFlag": false,
      "tobaccoFlag": false,
      "originRegulated": false,
      "singlePrice": {
        "price": 1129,
        "comparativePrice": {
          "pricePerUnit": 314,
          "unitQuantity": 100,
          "unitQuantityUom": "g",
          "measureDescription": "100g"
        }
      },
      "facets": [
        {
          "itemCode": "00020012",
          "itemDescription": "Non-GMO"
        }
      ],
      "categoryTrees": [
        {
          "level0": "Personal Care",
          "level1": "Beauty & Grooming",
          "level2": "Hair Styling & Accessories"
        }
      ],
      "cateredFlag": false
    },
    {
      "productId": "5216790-EA-000",
      "brand": "Value",
      "name": "Everyday Shampoo",
      "displayName": "1l",
      "availability": [
        "IN_STORE",
        "ONLINE"
      ],
      "saleType": "UNITS",
      "restrictedFlag": false,
      "liquorFlag": false,
      "tobaccoFlag": false,
      "originRegulated": false,
      "singlePrice": {
        "price": 469,
        "comparativePrice": {
          "pricePerUnit": 47,
          "unitQuantity": 100,
          "unitQuantityUom": "ml",
          "measureDescription": "100ml"
        }
      },
      "facets": [
        {
          "itemCode": "00020012",
          "itemDescription": "Non-GMO"
        }
      ],
      "categoryTrees": [
        {
          "level0": "Personal Care",
          "level1": "Beauty & Grooming",
          "level2": "Hair Care & Treatments"
        }
      ],
      "cateredFlag": false
    },
    {
      "productId": "5026022-EA-000",
      "brand": "Just For Men",
      "name": "Shampoo-In Dark Brown-Black Hair Colour",
      "displayName": "1pk",
      "availability": [
        "IN_STORE",
        "ONLINE"
      ],
      "saleType": "UNITS",
      "restrictedFlag": false,
      "liquorFlag": false,
      "tobaccoFlag": false,
      "originRegulated": false,
      "singlePrice": {
        "price": 1500,
        "promoId": "128879098"
      },
      "promotions": [
        {
          "promoId": "128879098",
          "rewardValue": 1500,
          "decal": "6000",
          "sapType": "BASE",
          "rewardType": "NEW_PRICE",
          "threshold": 1,
          "limit": 0,
          "multiProducts": false,
          "cardDependencyFlag": false,
          "bestPromotion": true
        }
      ],
      "facets": [
        {
          "itemCode": "00020012",
          "itemDescription": "Non-GMO"
        }
      ],
      "categoryTrees": [
        {
          "level0": "Personal Care",
          "level1": "Beauty & Grooming",
          "level2": "Hair Colouring"
        }
      ],
      "cateredFlag": false
    },
    {
      "productId": "5011538-EA-000",
      "brand": "Garnier",
      "name": "Nutrisse 4 Tamarind Dark Brown Hair Colour",
      "displayName": "ea",
      "availability": [
        "IN_STORE",
        "ONLINE"
      ],
      "saleType": "UNITS",
      "restrictedFlag": false,
      "liquorFlag": false,
      "tobaccoFlag": false,
      "originRegulated": false,
      "singlePrice": {
        "price": 1429
      },
      "categoryTrees": [
        {
          "level0": "Personal Care",
          "level1": "Beauty & Grooming",
          "level2": "Hair Colouring"
        }
      ],
      "cateredFlag": false
    },
    {
      "productId": "5011817-EA-000",
      "brand": "Berocca",
      "name": "Energy Orange Flavour Effervescent Tablets",
      "displayName": "30pk",
      "availability": [
        "IN_STORE",
        "ONLINE"
      ],
      "saleType": "UNITS",
      "restrictedFlag": false,
      "liquorFlag": false,
      "tobaccoFlag": false,
      "originRegulated": false,
      "singlePrice": {
        "price": 1899,
        "comparativePrice": {
          "pricePerUnit": 63,
          "unitQuantity": 1,
          "unitQuantityUom": "ea",
          "measureDescription": "ea"
        }
      },
      "categoryTrees": [
        {
          "level0": "Personal Care",
          "level1": "Health & Wellness",
          "level2": "Vitamins & Supplements"
        }
      ],
      "cateredFlag": false
    },
    {
      "productId": "5022118-EA-000",
      "brand": "Veet",
      "name": "Pure Cold Wax Sensitive Skin Face Strips",
      "displayName": "20pk",
      "availability": [
        "IN_STORE",
        "ONLINE"
      ],
      "saleType": "UNITS",
      "restrictedFlag": false,
      "liquorFlag": false,
      "tobaccoFlag": false,
      "originRegulated": false,
      "singlePrice": {
        "price": 1309,
        "comparativePrice": {
          "pricePerUnit": 65,
          "unitQuantity": 1,
          "unitQuantityUom": "ea",
          "measureDescription": "ea"
        }
      },
      "categoryTrees": [
        {
          "level0": "Personal Care",
          "level1": "Beauty & Grooming",
          "level2": "Shaving & Hair Removal"
        }
      ],
      "cateredFlag": false
    },
    {
      "productId": "5037074-EA-000",
      "brand": "Batiste",
      "name": "Blush Dry Shampoo",
      "displayName": "200ml",
      "availability": [
        "IN_STORE",
        "ONLINE"
      ],
      "saleType": "UNITS",
      "restrictedFlag": false,
      "liquorFlag": false,
      "tobaccoFlag": false,
      "originRegulated": false,
      "singlePrice": {
        "price": 999,
        "promoId": "128879261",
        "comparativePrice": {
          "pricePerUnit": 500,
          "unitQuantity": 100,
          "unitQuantityUom": "ml",
          "measureDescription": "100ml"
        }
      },
      "promotions": [
        {
          "promoId": "128879261",
          "rewardValue": 999,
          "decal": "6000",
          "sapType": "BASE",
          "rewardType": "NEW_PRICE",
          "threshold": 1,
          "limit": 0,
          "multiProducts": false,
          "cardDependencyFlag": false,
          "bestPromotion": true,
          "comparativePrice": {
            "pricePerUnit": 500,
            "unitQuantity": 100,
            "unitQuantityUom": "ml",
            "measureDescription": "100ml"
          }
        }
      ],
      "categoryTrees": [
        {
          "level0": "Personal Care",
          "level1": "Beauty & Grooming",
          "level2": "Hair Care & Treatments"
        }
      ],
      "cateredFlag": false
    },
    {
      "productId": "5281409-EA-000",
      "brand": "Korbond",
      "name": "Redberry Seamless Elastics Large Brown",
      "displayName": "24pk",
      "availability": [
        "IN_STORE",
        "ONLINE"
      ],
      "saleType": "UNITS",
      "restrictedFlag": false,
      "liquorFlag": false,
      "tobaccoFlag": false,
      "originRegulated": false,
      "singlePrice": {
        "price": 509
      },
      "categoryTrees": [
        {
          "level0": "Personal Care",
          "level1": "Beauty & Grooming",
          "level2": "Hair Styling & Accessories"
        }
      ],
      "cateredFlag": false
    },
    {
      "productId": "5012002-EA-000",
      "brand": "VO5",
      "name": "Matt Finish Rework Putty",
      "displayName": "150ml",
      "availability": [
        "IN_STORE",
        "ONLINE"
      ],
      "saleType": "UNITS",
      "restrictedFlag": false,
      "liquorFlag": false,
      "tobaccoFlag": false,
      "originRegulated": false,
      "singlePrice": {
        "price": 799,
        "promoId": "128943758",
        "comparativePrice": {
          "pricePerUnit": 533,
          "unitQuantity": 100,
          "unitQuantityUom": "ml",
          "measureDescription": "100ml"
        }
      },
      "promotions": [
        {
          "promoId": "128943758",
          "rewardValue": 799,
          "decal": "6000",
          "sapType": "BASE",
          "rewardType": "NEW_PRICE",
          "threshold": 1,
          "limit": 0,
          "multiProducts": false,
          "cardDependencyFlag": false,
          "bestPromotion": true,
          "comparativePrice": {
            "pricePerUnit": 533,
            "unitQuantity": 100,
            "unitQuantityUom": "ml",
            "measureDescription": "100ml"
          }
        }
      ],
      "facets": [
        {
          "itemCode": "00020012",
          "itemDescription": "Non-GMO"
        }
      ],
      "categoryTrees": [
        {
          "level0": "Personal Care",
          "level1": "Beauty & Grooming",
          "level2": "Hair Styling & Accessories"
        }
      ],
      "cateredFlag": false
    },
    {
      "productId": "5032261-EA-000",
      "brand": "Nivea",
      "name": "Sun Ultra Beach Sunscreen Spray SPF50+",
      "displayName": "200ml",
      "availability": [
        "IN_STORE",
        "ONLINE"
      ],
      "saleType": "UNITS",
      "restrictedFlag": false,
      "liquorFlag": false,
      "tobaccoFlag": false,
      "originRegulated": false,
      "singlePrice": {
        "price": 2109,
        "comparativePrice": {
          "pricePerUnit": 1055,
          "unitQuantity": 100,
          "unitQuantityUom": "ml",
          "measureDescription": "100ml"
        }
      },
      "categoryTrees": [
        {
          "level0": "Personal Care",
          "level1": "Beauty & Grooming",
          "level2": "Suncare & Self Tan"
        }
      ],
      "cateredFlag": false
    },
    {
      "productId": "5000901-EA-000",
      "brand": "Optrex",
      "name": "Sore Eyes Eye Drops",
      "displayName": "10ml",
      "availability": [
        "IN_STORE",
        "ONLINE"
      ],
      "saleType": "UNITS",
      "restrictedFlag": false,
      "liquorFlag": false,
      "tobaccoFlag": false,
      "originRegulated": false,
      "singlePrice": {
        "price": 939,
        "comparativePrice": {
          "pricePerUnit": 9390,
          "unitQuantity": 100,
          "unitQuantityUom": "ml",
          "measureDescription": "100ml"
        }
      },
      "categoryTrees": [
        {
          "level0": "Personal Care",
          "level1": "Health & Wellness",
          "level2": "Contact Lens & Eye Care"
        }
      ],
      "cateredFlag": false
    }
  ],
  "algoliaSearchResult": {
    "facets": {
      "brand": {
        "Healtheries": 70,
        "L'Oreal Paris": 65,
        "Nivea": 64,
        "Colgate": 62,
        "Garnier": 46,
        "Red Seal": 46,
        "Glow Lab": 39,
        "Musashi": 39,
        "Dove": 35,
        "Neutrogena": 34,
        "Korbond": 33,
        "North Head": 33,
        "Ecostore": 32,
        "Nivea Men": 31,
        "Dettol": 29,
        "Schick": 29,
        "Head & Shoulders": 28,
        "Gillette": 26,
        "Oral-B": 25,
        "Essano": 22,
        "Pams": 22,
        "Sunsilk": 20,
        "Olay": 19,
        "Carefree": 18,
        "OGX": 18,
        "Schwarzkopf Extra Care": 18,
        "Sensodyne": 18,
        "U By Kotex": 18,
        "Palmolive": 17,
        "Pantene Pro-V": 17,
        "Listerine": 15,
        "Tresemme": 15,
        "Elastoplast": 14,
        "Tena": 14,
        "Libra": 13,
        "Palmolive Naturals": 13,
        "Poise": 13,
        "Anihana": 12,
        "Berocca": 12,
        "Herbal Essences": 12,
        "Lynx": 12,
        "Nature's Way": 12,
        "Rexona": 12,
        "Pantene": 11,
        "Veet": 11,
        "Aveeno": 10,
        "Durex": 10,
        "Grin": 10,
        "Rexona Men": 10,
        "Value": 10,
        "Vicks": 10,
        "Atkins": 9,
        "Gaviscon": 9,
        "Nurofen": 9,
        "Quest": 9,
        "Centrum": 8,
        "Gillette Venus": 8,
        "Organic Care": 8,
        "Strepsils": 8,
        "Mouthfresh": 7,
        "Napro": 7,
        "Reach": 7,
        "Schwarzkopf Live": 7,
        "Vaseline": 7,
        "Horleys": 6,
        "Just For Men": 6,
        "Lemsip": 6,
        "Nourish": 6,
        "Panadol": 6,
        "Polident": 6,
        "Protex": 6,
        "Schwarzkopf Brilliance": 6,
        "Simply Silk": 6,
        "Stayfree": 6,
        "Tom Organic": 6,
        "Blistex": 5,
        "Codral": 5,
        "Dominate": 5,
        "Essano Rosehip": 5,
        "Marzena": 5,
        "Mitchum": 5,
        "Natures Way": 5,
        "Radox": 5,
        "Silk": 5,
        "Skyn": 5,
        "Tampax": 5,
        "Zealea": 5,
        "d3": 5,
        "Banana Boat": 4,
        "Barebells": 4,
        "Batiste": 4,
        "Bic": 4,
        "Brut": 4,
        "Cetaphil": 4,
        "Cool Charm": 4,
        "Depend": 4,
        "Em's Power Cookies": 4,
        "Ethics": 4,
        "Femfresh": 4,
        "Helena": 4
      },
      "category1NI": {
        "Beauty & Grooming": 1180,
        "Health & Wellness": 537,
        "Pams": 11,
        "Baby Care": 2,
        "Biscuits & Crackers": 2,
        "Snack Foods": 1
      },
      "onPromotion": {
        "21ecaaed-0749-4492-985e-4bb7ba43d59c": 717,
        "b92cc33f-b5a8-4b57-9b82-412946800020": 578,
        "e1925ea7-01bc-4358-ae7c-c6502da5ab12": 572,
        "3c5e3145-0767-4066-9349-6c0a1313acc5": 530,
        "92086ded-a55d-4241-a364-7d7ea91531b4": 530,
        "65defcf2-bc15-490e-a84f-1f13b769cd22": 526,
        "c0f80e87-16be-4488-9553-da437e8c6c2a": 525,
        "64eab5b1-8d79-45f4-94f1-02b8cf8b6202": 516,
        "c180a72d-5dbe-4403-b7c7-91655e505492": 512,
        "3404c253-577f-45ca-b301-c98312e46efb": 509,
        "48dd98cc-a757-4102-b15d-ea82b4b10571": 508,
        "8f0d70be-5cb7-464b-99cb-8b0130671895": 507,
        "714431ab-6e39-4df6-ac77-cfc5c1e25bc8": 506,
        "3bb30799-82ce-4648-8c02-5113228963ed": 500,
        "33d8d6fc-861a-45ff-9937-5ccdb55eaede": 493,
        "a7d09522-bee2-41e4-8fe0-0b82b7f342f5": 493,
        "c3f9e1a3-fc34-452d-af2e-95349e666ba4": 489,
        "b2e98a14-c8ca-401e-99ed-edf74570c6f6": 487,
        "15e6f441-5c1c-4d25-b4ec-1adf918c49c7": 480,
        "5f167936-79ae-4f6a-b9d2-74afe1bb096b": 478,
        "49037947-e450-49bf-ba1f-a94551c79a72": 475,
        "61dd754e-8525-4b9e-9e08-173389eea8a8": 473,
        "53989945-1a28-481d-a61c-d6f75f760ada": 469,
        "7d48a781-4f68-4c91-a908-8659e1b22f95": 468,
        "01a114de-149c-4f5f-80a1-90cc63f69c6e": 463,
        "5cf0392f-c187-4fc4-a463-eb269d2e8f45": 461,
        "6cda96e1-7d29-44a6-956b-3fcfdecc8184": 460,
        "90082979-fb9f-4305-9c72-83274fc438cc": 453,
        "715f0e22-95e0-45ce-af3a-07057209976e": 452,
        "c2204dae-579e-4b6b-9d42-2e13ceaa6031": 452,
        "1c388d5e-29ac-4956-b476-cb3431353d2e": 450,
        "b83029b6-5dd5-449e-8056-26f3943a4e18": 449,
        "b39562a4-2b72-43fe-b9ba-eda1d651ad0b": 447,
        "98ec3885-ac93-4fcb-807b-59c9055c52c4": 444,
        "529d66cc-60e3-432e-b8d1-efc9f2ec4919": 442,
        "6e6809dd-01bc-45c9-aab1-f01ccd8338b0": 442,
        "2ed73be8-936d-4f35-9398-75a707f40a7b": 438,
        "b29a98bd-749c-489c-9eef-6aa38e66a29b": 437,
        "be4c4780-218e-425a-a90f-63e21773572b": 433,
        "d6d39eea-889d-4e20-923c-55cab225cf7f": 433,
        "9cd8eb60-3222-4efc-bd7c-50e03e6a81a4": 430,
        "dbca5e00-f7f9-43ae-91de-031ad16f8a92": 428,
        "d8032da3-c1b9-456e-b626-41ce21f8c67b": 424,
        "3bfe040b-f0c9-45e0-949b-b9ad5a591d55": 423,
        "4fcc1c8e-cc5e-4675-ba25-5e56b579cf69": 414,
        "4a279605-eaa8-470d-bcd4-0a9e3c9ab43b": 411,
        "af385423-d0f1-41f0-9482-ffd10b745143": 404,
        "50b1216b-d066-4457-b88b-9bccf97bf6d3": 403,
        "d1cd1fdd-8767-46a6-a8d3-c3e0632c2dc8": 401,
        "8cd700ae-d96f-4761-bd7a-805d6b93536d": 398,
        "94ef1985-cab1-4b39-a2f3-230120f03c16": 364,
        "076e8177-943b-41fc-a885-ba3d28297acf": 360,
        "6c73764e-b8e6-4e55-ad37-f6a9d207da1f": 351,
        "60561e46-ece7-43a7-b142-9b14812586e4": 349,
        "3e82142c-78dc-46f3-82ec-28e65fcf84c9": 295
      },
      "productFacets": {
        "Non-GMO": 360,
        "Gluten Free": 114,
        "Vegan": 72,
        "Low Sugar": 53,
        "Organic": 30,
        "Dairy Free": 17,
        "Low Fat": 13,
        "Keto": 7,
        "Vegetarian": 7,
        "Halal": 5
      }
    }
  },
  "totalHits": 1000,
  "page": 14,
  "totalPages": 20,
  "hitsPerPage": 50
}
