{
  "tobaccoProducts": false,
  "products": [
    {
      "productId": "5031498-EA-000",
      "brand": "Berocca",
      "name": "Energy Mango & Orange Flavour Effervescent Tablets",
      "displayName": "30pk",
      "availability": [
        "IN_STORE",
        "ONLINE"
      ],
      "saleType": "UNITS",
      "restrictedFlag": false,
      "liquorFlag": false,
      "tobaccoFlag": false,
      "originRegulated": false,
      "singlePrice": {
        "price": 1899,
        "comparativePrice": {
          "pricePerUnit": 63,
          "unitQuantity": 1,
          "unitQuantityUom": "ea",
          "measureDescription": "ea"
        }
      },
      "categoryTrees": [
        {
          "level0": "Personal Care",
          "level1": "Health & Wellness",
          "level2": "Vitamins & Supplements"
        },
        {
          "level0": "Personal Care",
          "level1": "Health & Wellness",
          "level2": "Wellness & Sports Nutrition"
        }
      ],
      "cateredFlag": false
    },
    {
      "productId": "5216707-EA-000",
      "brand": "Musashi",
      "name": "Pre Workout Tropical Punch Flavour Energy & Performance Powder",
      "displayName": "225g",
      "availability": [
        "IN_STORE",
        "ONLINE"
      ],
      "saleType": "UNITS",
      "restrictedFlag": false,
      "liquorFlag": false,
      "tobaccoFlag": false,
      "originRegulated": false,
      "singlePrice": {
        "price": 3499,
        "promoId": "128943122",
        "comparativePrice": {
          "pricePerUnit": 1555,
          "unitQuantity": 100,
          "unitQuantityUom": "g",
          "measureDescription": "100g"
        }
      },
      "promotions": [
        {
          "promoId": "128943122",
          "rewardValue": 3499,
          "decal": "6000",
          "sapType": "BASE",
          "rewardType": "NEW_PRICE",
          "threshold": 1,
          "limit": 0,
          "multiProducts": false,
          "cardDependencyFlag": false,
          "bestPromotion": true,
          "comparativePrice": {
            "pricePerUnit": 1555,
            "unitQuantity": 100,
            "unitQuantityUom": "g",
            "measureDescription": "100g"
          }
        }
      ],
      "categoryTrees": [
        {
          "level0": "Personal Care",
          "level1": "Health & Wellness",
          "level2": "Wellness & Sports Nutrition"
        }
      ],
      "cateredFlag": false
    },
    {
      "productId": "5019035-EA-000",
      "brand": "Sudafed",
      "name": "PE Sinus + Pain Relief Tablets",
      "displayName": "20pk",
      "availability": [
        "IN_STORE",
        "ONLINE"
      ],
      "saleType": "UNITS",
      "restrictedFlag": false,
      "liquorFlag": false,
      "tobaccoFlag": false,
      "originRegulated": false,
      "singlePrice": {
        "price": 1499,
        "comparativePrice": {
          "pricePerUnit": 75,
          "unitQuantity": 1,
          "unitQuantityUom": "ea",
          "measureDescription": "ea"
        }
      },
      "facets": [
        {
          "itemCode": "00020012",
          "itemDescription": "Non-GMO"
        }
      ],
      "categoryTrees": [
        {
          "level0": "Personal Care",
          "level1": "Health & Wellness",
          "level2": "Cough, Cold & Flu"
        }
      ],
      "cateredFlag": false
    },
    {
      "productId": "5004031-EA-000",
      "brand": "Bonjela",
      "name": "Mouth Ulcer Treatment Gel",
      "displayName": "15g",
      "availability": [
        "IN_STORE",
        "ONLINE"
      ],
      "saleType": "UNITS",
      "restrictedFlag": false,
      "liquorFlag": false,
      "tobaccoFlag": false,
      "originRegulated": false,
      "singlePrice": {
        "price": 1099,
        "comparativePrice": {
          "pricePerUnit": 7327,
          "unitQuantity": 100,
          "unitQuantityUom": "g",
          "measureDescription": "100g"
        }
      },
      "facets": [
        {
          "itemCode": "00020011",
          "itemDescription": "Low Sugar"
        }
      ],
      "categoryTrees": [
        {
          "level0": "Personal Care",
          "level1": "Beauty & Grooming",
          "level2": "Oral Health"
        }
      ],
      "cateredFlag": false
    },
    {
      "productId": "5090307-EA-000",
      "brand": "Red Seal",
      "name": "Vitamic C 1000mg Plus Echinacea Strawberry Tablets",
      "displayName": "120pk",
      "availability": [
        "IN_STORE",
        "ONLINE"
      ],
      "saleType": "UNITS",
      "restrictedFlag": false,
      "liquorFlag": false,
      "tobaccoFlag": false,
      "originRegulated": false,
      "singlePrice": {
        "price": 2029,
        "comparativePrice": {
          "pricePerUnit": 1691,
          "unitQuantity": 100,
          "unitQuantityUom": " ",
          "measureDescription": "100"
        }
      },
      "categoryTrees": [
        {
          "level0": "Personal Care",
          "level1": "Health & Wellness",
          "level2": "Vitamins & Supplements"
        }
      ],
      "cateredFlag": false
    },
    {
      "productId": "5266771-EA-000",
      "brand": "Durex",
      "name": "Invisible Regular Fit Condoms",
      "displayName": "10pk",
      "availability": [
        "IN_STORE",
        "ONLINE"
      ],
      "saleType": "UNITS",
      "restrictedFlag": false,
      "liquorFlag": false,
      "tobaccoFlag": false,
      "originRegulated": false,
      "singlePrice": {
        "price": 1769,
        "promoId": "128901495",
        "comparativePrice": {
          "pricePerUnit": 177,
          "unitQuantity": 1,
          "unitQuantityUom": "ea",
          "measureDescription": "ea"
        }
      },
      "promotions": [
        {
          "promoId": "128901495",
          "rewardValue": 1769,
          "decal": "6000",
          "sapType": "BASE",
          "rewardType": "NEW_PRICE",
          "threshold": 1,
          "limit": 0,
          "multiProducts": false,
          "cardDependencyFlag": false,
          "bestPromotion": true,
          "comparativePrice": {
            "pricePerUnit": 177,
            "unitQuantity": 1,
            "unitQuantityUom": "ea",
            "measureDescription": "ea"
          }
        }
      ],
      "categoryTrees": [
        {
          "level0": "Personal Care",
          "level1": "Health & Wellness",
          "level2": "Family Planning"
        }
      ],
      "cateredFlag": false
    },
    {
      "productId": "5248305-EA-000",
      "brand": "Healtheries",
      "name": "Vit C 1000mg  Tropical Flavour Chewable Tablets",
      "displayName": "30pk",
      "availability": [
        "IN_STORE",
        "ONLINE"
      ],
      "saleType": "UNITS",
      "restrictedFlag": false,
      "liquorFlag": false,
      "tobaccoFlag": false,
      "originRegulated": false,
      "singlePrice": {
        "price": 1129,
        "comparativePrice": {
          "pricePerUnit": 38,
          "unitQuantity": 1,
          "unitQuantityUom": "ea",
          "measureDescription": "ea"
        }
      },
      "facets": [
        {
          "itemCode": "00020004",
          "itemDescription": "Gluten Free"
        }
      ],
      "categoryTrees": [
        {
          "level0": "Personal Care",
          "level1": "Health & Wellness",
          "level2": "Vitamins & Supplements"
        }
      ],
      "cateredFlag": false
    },
    {
      "productId": "5276929-EA-000",
      "brand": "Maxiclear",
      "name": "Cold Nasal Hayfever & Sinus Relief Tablets",
      "displayName": "20pk",
      "availability": [
        "IN_STORE",
        "ONLINE"
      ],
      "saleType": "UNITS",
      "restrictedFlag": false,
      "liquorFlag": false,
      "tobaccoFlag": false,
      "originRegulated": false,
      "singlePrice": {
        "price": 1229,
        "comparativePrice": {
          "pricePerUnit": 61,
          "unitQuantity": 1,
          "unitQuantityUom": "ea",
          "measureDescription": "ea"
        }
      },
      "categoryTrees": [
        {
          "level0": "Personal Care",
          "level1": "Health & Wellness",
          "level2": "Cough, Cold & Flu"
        }
      ],
      "cateredFlag": false
    },
    {
      "productId": "5013731-EA-000",
      "brand": "Berocca",
      "name": "Energy Orignal Berry Flavour Effervescent Tablets",
      "displayName": "30pk",
      "availability": [
        "IN_STORE",
        "ONLINE"
      ],
      "saleType": "UNITS",
      "restrictedFlag": false,
      "liquorFlag": false,
      "tobaccoFlag": false,
      "originRegulated": false,
      "singlePrice": {
        "price": 1899,
        "comparativePrice": {
          "pricePerUnit": 63,
          "unitQuantity": 1,
          "unitQuantityUom": "ea",
          "measureDescription": "ea"
        }
      },
      "categoryTrees": [
        {
          "level0": "Personal Care",
          "level1": "Health & Wellness",
          "level2": "Vitamins & Supplements"
        }
      ],
      "cateredFlag": false
    },
    {
      "productId": "5001009-EA-000",
      "brand": "Maltexo",
      "name": "Malt Extract Original",
      "displayName": "1.5kg",
      "availability": [
        "IN_STORE",
        "ONLINE"
      ],
      "saleType": "UNITS",
      "restrictedFlag": false,
      "liquorFlag": false,
      "tobaccoFlag": false,
      "originRegulated": false,
      "singlePrice": {
        "price": 929,
        "promoId": "128929322",
        "comparativePrice": {
          "pricePerUnit": 62,
          "unitQuantity": 100,
          "unitQuantityUom": "g",
          "measureDescription": "100g"
        }
      },
      "promotions": [
        {
          "promoId": "128929322",
          "rewardValue": 929,
          "decal": "6000",
          "sapType": "BASE",
          "rewardType": "NEW_PRICE",
          "threshold": 1,
          "limit": 0,
          "multiProducts": false,
          "cardDependencyFlag": false,
          "bestPromotion": true,
          "comparativePrice": {
            "pricePerUnit": 62,
            "unitQuantity": 100,
            "unitQuantityUom": "g",
            "measureDescription": "100g"
          }
        }
      ],
      "categoryTrees": [
        {
          "level0": "Personal Care",
          "level1": "Health & Wellness",
          "level2": "Wellness & Sports Nutrition"
        }
      ],
      "cateredFlag": false
    },
    {
      "productId": "5227215-EA-000",
      "brand": "Ecostore",
      "name": "Body & Shine Conditioner",
      "displayName": "350ml",
      "availability": [
        "IN_STORE",
        "ONLINE"
      ],
      "saleType": "UNITS",
      "restrictedFlag": false,
      "liquorFlag": false,
      "tobaccoFlag": false,
      "originRegulated": false,
      "singlePrice": {
        "price": 799,
        "comparativePrice": {
          "pricePerUnit": 228,
          "unitQuantity": 100,
          "unitQuantityUom": "ml",
          "measureDescription": "100ml"
        }
      },
      "categoryTrees": [
        {
          "level0": "Personal Care",
          "level1": "Beauty & Grooming",
          "level2": "Hair Care & Treatments"
        }
      ],
      "cateredFlag": false
    },
    {
      "productId": "5016272-EA-000",
      "brand": "Nivea",
      "name": "Moisturising After Sun Lotion",
      "displayName": "200ml",
      "availability": [
        "IN_STORE",
        "ONLINE"
      ],
      "saleType": "UNITS",
      "restrictedFlag": false,
      "liquorFlag": false,
      "tobaccoFlag": false,
      "originRegulated": false,
      "singlePrice": {
        "price": 1399,
        "comparativePrice": {
          "pricePerUnit": 700,
          "unitQuantity": 100,
          "unitQuantityUom": "ml",
          "measureDescription": "100ml"
        }
      },
      "categoryTrees": [
        {
          "level0": "Personal Care",
          "level1": "Beauty & Grooming",
          "level2": "Suncare & Self Tan"
        }
      ],
      "cateredFlag": false
    },
    {
      "productId": "5090287-EA-000",
      "brand": "Red Seal",
      "name": "Vitamin C 500mg With Nz Blackberries Tablets",
      "displayName": "200pk",
      "availability": [
        "IN_STORE",
        "ONLINE"
      ],
      "saleType": "UNITS",
      "restrictedFlag": false,
      "liquorFlag": false,
      "tobaccoFlag": false,
      "originRegulated": false,
      "singlePrice": {
        "price": 1529,
        "promoId": "128942725",
        "comparativePrice": {
          "pricePerUnit": 765,
          "unitQuantity": 100,
          "unitQuantityUom": " ",
          "measureDescription": "100"
        }
      },
      "promotions": [
        {
          "promoId": "128942725",
          "rewardValue": 1529,
          "decal": "6000",
          "sapType": "BASE",
          "rewardType": "NEW_PRICE",
          "threshold": 1,
          "limit": 0,
          "multiProducts": false,
          "cardDependencyFlag": false,
          "bestPromotion": true,
          "comparativePrice": {
            "pricePerUnit": 765,
            "unitQuantity": 100,
            "unitQuantityUom": " ",
            "measureDescription": "100"
          }
        }
      ],
      "categoryTrees": [
        {
          "level0": "Personal Care",
          "level1": "Health & Wellness",
          "level2": "Vitamins & Supplements"
        }
      ],
      "cateredFlag": false
    },
    {
      "productId": "5084702-EA-000",
      "brand": "Schick",
      "name": "Hydro 3 Cartridges",
      "displayName": "4pk",
      "availability": [
        "IN_STORE",
        "ONLINE"
      ],
      "saleType": "UNITS",
      "restrictedFlag": false,
      "liquorFlag": false,
      "tobaccoFlag": false,
      "originRegulated": false,
      "singlePrice": {
        "price": 1719,
        "comparativePrice": {
          "pricePerUnit": 430,
          "unitQuantity": 1,
          "unitQuantityUom": "ea",
          "measureDescription": "ea"
        }
      },
      "categoryTrees": [
        {
          "level0": "Personal Care",
          "level1": "Beauty & Grooming",
          "level2": "Shaving & Hair Removal"
        }
      ],
      "cateredFlag": false
    },
    {
      "productId": "5025391-EA-000",
      "brand": "Just For Men",
      "name": "Moustache & Beard Dark Brown Black Brush In Colour Gel",
      "displayName": "1pk",
      "availability": [
        "IN_STORE",
        "ONLINE"
      ],
      "saleType": "UNITS",
      "restrictedFlag": false,
      "liquorFlag": false,
      "tobaccoFlag": false,
      "originRegulated": false,
      "singlePrice": {
        "price": 1500,
        "promoId": "128879098"
      },
      "promotions": [
        {
          "promoId": "128879098",
          "rewardValue": 1500,
          "decal": "6000",
          "sapType": "BASE",
          "rewardType": "NEW_PRICE",
          "threshold": 1,
          "limit": 0,
          "multiProducts": false,
          "cardDependencyFlag": false,
          "bestPromotion": true
        }
      ],
      "facets": [
        {
          "itemCode": "00020012",
          "itemDescription": "Non-GMO"
        }
      ],
      "categoryTrees": [
        {
          "level0": "Personal Care",
          "level1": "Beauty & Grooming",
          "level2": "Hair Colouring"
        }
      ],
      "cateredFlag": false
    },
    {
      "productId": "5282998-EA-000",
      "brand": "Korbond",
      "name": "Redberry Manicure Set",
      "displayName": "4pk",
      "availability": [
        "IN_STORE",
        "ONLINE"
      ],
      "saleType": "UNITS",
      "restrictedFlag": false,
      "liquorFlag": false,
      "tobaccoFlag": false,
      "originRegulated": false,
      "singlePrice": {
        "price": 1029
      },
      "categoryTrees": [
        {
          "level0": "Personal Care",
          "level1": "Beauty & Grooming",
          "level2": "Hand & Body Care"
        }
      ],
      "cateredFlag": false
    },
    {
      "productId": "5014469-EA-000",
      "brand": "L'Oreal Paris",
      "name": "Revitalift Anti-Ageing Night Cream",
      "displayName": "50ml",
      "availability": [
        "IN_STORE",
        "ONLINE"
      ],
      "saleType": "UNITS",
      "restrictedFlag": false,
      "liquorFlag": false,
      "tobaccoFlag": false,
      "originRegulated": false,
      "singlePrice": {
        "price": 2669,
        "promoId": "128929806",
        "comparativePrice": {
          "pricePerUnit": 5338,
          "unitQuantity": 100,
          "unitQuantityUom": "ml",
          "measureDescription": "100ml"
        }
      },
      "promotions": [
        {
          "promoId": "128929806",
          "rewardValue": 2669,
          "decal": "6000",
          "sapType": "BASE",
          "rewardType": "NEW_PRICE",
          "threshold": 1,
          "limit": 0,
          "multiProducts": false,
          "cardDependencyFlag": false,
          "bestPromotion": true,
          "comparativePrice": {
            "pricePerUnit": 5338,
            "unitQuantity": 100,
            "unitQuantityUom": "ml",
            "measureDescription": "100ml"
          }
        }
      ],
      "categoryTrees": [
        {
          "level0": "Personal Care",
          "level1": "Beauty & Grooming",
          "level2": "Face & Lip Skin Care"
        }
      ],
      "cateredFlag": false
    },
    {
      "productId": "5027028-EA-000",
      "brand": "Healtheries",
      "name": "For Kids Vit C Chewables Orange Flavour Chewable Tablets",
      "displayName": "70pk",
      "availability": [
        "IN_STORE",
        "ONLINE"
      ],
      "saleType": "UNITS",
      "restrictedFlag": false,
      "liquorFlag": false,
      "tobaccoFlag": false,
      "originRegulated": false,
      "singlePrice": {
        "price": 969,
        "comparativePrice": {
          "pricePerUnit": 1384,
          "unitQuantity": 100,
          "unitQuantityUom": " ",
          "measureDescription": "100"
        }
      },
      "facets": [
        {
          "itemCode": "00020004",
          "itemDescription": "Gluten Free"
        }
      ],
      "categoryTrees": [
        {
          "level0": "Personal Care",
          "level1": "Health & Wellness",
          "level2": "Vitamins & Supplements"
        }
      ],
      "cateredFlag": false
    },
    {
      "productId": "5026373-EA-000",
      "brand": "Healtheries",
      "name": "Vitamin C 1000mg  + Echinacea Orange Flavour Chewable Tablets",
      "displayName": "35pk",
      "availability": [
        "IN_STORE",
        "ONLINE"
      ],
      "saleType": "UNITS",
      "restrictedFlag": false,
      "liquorFlag": false,
      "tobaccoFlag": false,
      "originRegulated": false,
      "singlePrice": {
        "price": 1229,
        "comparativePrice": {
          "pricePerUnit": 35,
          "unitQuantity": 1,
          "unitQuantityUom": "ea",
          "measureDescription": "ea"
        }
      },
      "categoryTrees": [
        {
          "level0": "Personal Care",
          "level1": "Health & Wellness",
          "level2": "Vitamins & Supplements"
        }
      ],
      "cateredFlag": false
    },
    {
      "productId": "5281405-EA-000",
      "brand": "Korbond",
      "name": "Redberry Eco Oval Brush",
      "displayName": "1pk",
      "availability": [
        "IN_STORE",
        "ONLINE"
      ],
      "saleType": "UNITS",
      "restrictedFlag": false,
      "liquorFlag": false,
      "tobaccoFlag": false,
      "originRegulated": false,
      "singlePrice": {
        "price": 1179
      },
      "categoryTrees": [
        {
          "level0": "Personal Care",
          "level1": "Beauty & Grooming",
          "level2": "Hair Styling & Accessories"
        }
      ],
      "cateredFlag": false
    },
    {
      "productId": "5013114-EA-000",
      "brand": "Brut",
      "name": "Original Shave Foam",
      "displayName": "250g",
      "availability": [
        "IN_STORE",
        "ONLINE"
      ],
      "saleType": "UNITS",
      "restrictedFlag": false,
      "liquorFlag": false,
      "tobaccoFlag": false,
      "originRegulated": false,
      "singlePrice": {
        "price": 829,
        "comparativePrice": {
          "pricePerUnit": 332,
          "unitQuantity": 100,
          "unitQuantityUom": "g",
          "measureDescription": "100g"
        }
      },
      "facets": [
        {
          "itemCode": "00020012",
          "itemDescription": "Non-GMO"
        }
      ],
      "categoryTrees": [
        {
          "level0": "Personal Care",
          "level1": "Beauty & Grooming",
          "level2": "Shaving & Hair Removal"
        }
      ],
      "cateredFlag": false
    },
    {
      "productId": "5250716-EA-000",
      "brand": "North Head",
      "name": "Men's Heavy Duty Work Socks Size 11-13",
      "displayName": "2ea",
      "availability": [
        "IN_STORE",
        "ONLINE"
      ],
      "saleType": "UNITS",
      "restrictedFlag": false,
      "liquorFlag": false,
      "tobaccoFlag": false,
      "originRegulated": false,
      "singlePrice": {
        "price": 999
      },
      "categoryTrees": [
        {
          "level0": "Personal Care",
          "level1": "Beauty & Grooming",
          "level2": "Apparel & Hosiery"
        }
      ],
      "cateredFlag": false
    },
    {
      "productId": "5002866-EA-000",
      "brand": "Stayfree",
      "name": "Ultra Thin Light Pads With Wings",
      "displayName": "16pk",
      "availability": [
        "IN_STORE",
        "ONLINE"
      ],
      "saleType": "UNITS",
      "restrictedFlag": false,
      "liquorFlag": false,
      "tobaccoFlag": false,
      "originRegulated": false,
      "singlePrice": {
        "price": 349,
        "promoId": "128954964",
        "comparativePrice": {
          "pricePerUnit": 22,
          "unitQuantity": 1,
          "unitQuantityUom": "ea",
          "measureDescription": "ea"
        }
      },
      "promotions": [
        {
          "promoId": "128954964",
          "rewardValue": 349,
          "decal": "6000",
          "sapType": "BASE",
          "rewardType": "NEW_PRICE",
          "threshold": 1,
          "limit": 0,
          "multiProducts": false,
          "cardDependencyFlag": false,
          "bestPromotion": true,
          "comparativePrice": {
            "pricePerUnit": 22,
            "unitQuantity": 1,
            "unitQuantityUom": "ea",
            "measureDescription": "ea"
          }
        }
      ],
      "categoryTrees": [
        {
          "level0": "Personal Care",
          "level1": "Health & Wellness",
          "level2": "Period & Continence Care"
        }
      ],
      "cateredFlag": false
    },
    {
      "productId": "5217516-EA-000",
      "brand": "Batiste",
      "name": "Eden Bloom Dry Shampoo",
      "displayName": "200ml",
      "availability": [
        "IN_STORE",
        "ONLINE"
      ],
      "saleType": "UNITS",
      "restrictedFlag": false,
      "liquorFlag": false,
      "tobaccoFlag": false,
      "originRegulated": false,
      "singlePrice": {
        "price": 999,
        "promoId": "128879261",
        "comparativePrice": {
          "pricePerUnit": 500,
          "unitQuantity": 100,
          "unitQuantityUom": "ml",
          "measureDescription": "100ml"
        }
      },
      "promotions": [
        {
          "promoId": "128879261",
          "rewardValue": 999,
          "decal": "6000",
          "sapType": "BASE",
          "rewardType": "NEW_PRICE",
          "threshold": 1,
          "limit": 0,
          "multiProducts": false,
          "cardDependencyFlag": false,
          "bestPromotion": true,
          "comparativePrice": {
            "pricePerUnit": 500,
            "unitQuantity": 100,
            "unitQuantityUom": "ml",
            "measureDescription": "100ml"
          }
        }
      ],
      "categoryTrees": [
        {
          "level0": "Personal Care",
          "level1": "Beauty & Grooming",
          "level2": "Hair Care & Treatments"
        }
      ],
      "cateredFlag": false
    },
    {
      "productId": "5286048-EA-000",
      "brand": "North Head",
      "name": "Women's Everyday Black Socks Size 5-10",
      "displayName": "3ea",
      "availability": [
        "IN_STORE",
        "ONLINE"
      ],
      "saleType": "UNITS",
      "restrictedFlag": false,
      "liquorFlag": false,
      "tobaccoFlag": false,
      "originRegulated": false,
      "singlePrice": {
        "price": 899
      },
      "categoryTrees": [
        {
          "level0": "Personal Care",
          "level1": "Beauty & Grooming",
          "level2": "Apparel & Hosiery"
        }
      ],
      "cateredFlag": false
    },
    {
      "productId": "5094674-EA-000",
      "brand": "Healtheries",
      "name": "Cranberry 50,000 Bladder & Urinary Tract Health Capsules",
      "displayName": "30pk",
      "availability": [
        "IN_STORE",
        "ONLINE"
      ],
      "saleType": "UNITS",
      "restrictedFlag": false,
      "liquorFlag": false,
      "tobaccoFlag": false,
      "originRegulated": false,
      "singlePrice": {
        "price": 1489,
        "comparativePrice": {
          "pricePerUnit": 50,
          "unitQuantity": 1,
          "unitQuantityUom": "ea",
          "measureDescription": "ea"
        }
      },
      "facets": [
        {
          "itemCode": "00020004",
          "itemDescription": "Gluten Free"
        },
        {
          "itemCode": "00020013",
          "itemDescription": "Vegan"
        }
      ],
      "categoryTrees": [
        {
          "level0": "Personal Care",
          "level1": "Health & Wellness",
          "level2": "Vitamins & Supplements"
        }
      ],
      "cateredFlag": false
    },
    {
      "productId": "5238181-EA-000",
      "brand": "Nivea Men",
      "name": "Deep Face & Beard Wash",
      "displayName": "100ml",
      "availability": [
        "IN_STORE",
        "ONLINE"
      ],
      "saleType": "UNITS",
      "restrictedFlag": false,
      "liquorFlag": false,
      "tobaccoFlag": false,
      "originRegulated": false,
      "singlePrice": {
        "price": 1119,
        "comparativePrice": {
          "pricePerUnit": 1119,
          "unitQuantity": 100,
          "unitQuantityUom": "ml",
          "measureDescription": "100ml"
        }
      },
      "categoryTrees": [
        {
          "level0": "Personal Care",
          "level1": "Beauty & Grooming",
          "level2": "Face & Lip Skin Care"
        }
      ],
      "cateredFlag": false
    },
    {
      "productId": "5239002-EA-000",
      "brand": "Nivea",
      "name": "Sun UV Face BB Cream SPF50",
      "displayName": "50ml",
      "availability": [
        "IN_STORE",
        "ONLINE"
      ],
      "saleType": "UNITS",
      "restrictedFlag": false,
      "liquorFlag": false,
      "tobaccoFlag": false,
      "originRegulated": false,
      "singlePrice": {
        "price": 2079,
        "comparativePrice": {
          "pricePerUnit": 4158,
          "unitQuantity": 100,
          "unitQuantityUom": "ml",
          "measureDescription": "100ml"
        }
      },
      "categoryTrees": [
        {
          "level0": "Personal Care",
          "level1": "Beauty & Grooming",
          "level2": "Suncare & Self Tan"
        }
      ],
      "cateredFlag": false
    },
    {
      "productId": "5084678-EA-000",
      "brand": "Schick",
      "name": "Hydro 3 Razor +1 Cartridge",
      "displayName": "ea",
      "availability": [
        "IN_STORE",
        "ONLINE"
      ],
      "saleType": "UNITS",
      "restrictedFlag": false,
      "liquorFlag": false,
      "tobaccoFlag": false,
      "originRegulated": false,
      "singlePrice": {
        "price": 1119
      },
      "categoryTrees": [
        {
          "level0": "Personal Care",
          "level1": "Beauty & Grooming",
          "level2": "Shaving & Hair Removal"
        }
      ],
      "cateredFlag": false
    },
    {
      "productId": "5246952-EA-000",
      "brand": "Nature's Way",
      "name": "Vitamin C Orange Adult Vita Gummies",
      "displayName": "120pk",
      "availability": [
        "IN_STORE",
        "ONLINE"
      ],
      "saleType": "UNITS",
      "restrictedFlag": false,
      "liquorFlag": false,
      "tobaccoFlag": false,
      "originRegulated": false,
      "singlePrice": {
        "price": 2099,
        "comparativePrice": {
          "pricePerUnit": 1749,
          "unitQuantity": 100,
          "unitQuantityUom": " ",
          "measureDescription": "100"
        }
      },
      "facets": [
        {
          "itemCode": "00020012",
          "itemDescription": "Non-GMO"
        }
      ],
      "categoryTrees": [
        {
          "level0": "Personal Care",
          "level1": "Health & Wellness",
          "level2": "Wellness & Sports Nutrition"
        }
      ],
      "cateredFlag": false
    },
    {
      "productId": "5031548-EA-000",
      "brand": "Healtheries",
      "name": "Men's Multi One A Day Tablets",
      "displayName": "30pk",
      "availability": [
        "IN_STORE",
        "ONLINE"
      ],
      "saleType": "UNITS",
      "restrictedFlag": false,
      "liquorFlag": false,
      "tobaccoFlag": false,
      "originRegulated": false,
      "singlePrice": {
        "price": 1399,
        "comparativePrice": {
          "pricePerUnit": 47,
          "unitQuantity": 1,
          "unitQuantityUom": "ea",
          "measureDescription": "ea"
        }
      },
      "facets": [
        {
          "itemCode": "00020004",
          "itemDescription": "Gluten Free"
        }
      ],
      "categoryTrees": [
        {
          "level0": "Personal Care",
          "level1": "Health & Wellness",
          "level2": "Vitamins & Supplements"
        }
      ],
      "cateredFlag": false
    },
    {
      "productId": "5016625-EA-000",
      "brand": "L'Oreal Paris",
      "name": "Casting Creme Gloss 500 Medium Brown Hair Colour",
      "displayName": "1pk",
      "availability": [
        "IN_STORE",
        "ONLINE"
      ],
      "saleType": "UNITS",
      "restrictedFlag": false,
      "liquorFlag": false,
      "tobaccoFlag": false,
      "originRegulated": false,
      "singlePrice": {
        "price": 1499,
        "promoId": "128941485"
      },
      "promotions": [
        {
          "promoId": "128941485",
          "rewardValue": 1499,
          "decal": "6000",
          "sapType": "BASE",
          "rewardType": "NEW_PRICE",
          "threshold": 1,
          "limit": 0,
          "multiProducts": false,
          "cardDependencyFlag": false,
          "bestPromotion": true
        }
      ],
      "categoryTrees": [
        {
          "level0": "Personal Care",
          "level1": "Beauty & Grooming",
          "level2": "Hair Colouring"
        }
      ],
      "cateredFlag": false
    },
    {
      "productId": "5000969-EA-000",
      "brand": "Vaseline",
      "name": "Total Moisture Dry Skin Body Lotion",
      "displayName": "75ml",
      "availability": [
        "IN_STORE",
        "ONLINE"
      ],
      "saleType": "UNITS",
      "restrictedFlag": false,
      "liquorFlag": false,
      "tobaccoFlag": false,
      "originRegulated": false,
      "singlePrice": {
        "price": 469,
        "promoId": "128851654",
        "comparativePrice": {
          "pricePerUnit": 625,
          "unitQuantity": 100,
          "unitQuantityUom": "ml",
          "measureDescription": "100ml"
        }
      },
      "promotions": [
        {
          "promoId": "128851654",
          "rewardValue": 469,
          "decal": "6000",
          "sapType": "BASE",
          "rewardType": "NEW_PRICE",
          "threshold": 1,
          "limit": 0,
          "multiProducts": false,
          "cardDependencyFlag": false,
          "bestPromotion": true,
          "comparativePrice": {
            "pricePerUnit": 625,
            "unitQuantity": 100,
            "unitQuantityUom": "ml",
            "measureDescription": "100ml"
          }
        }
      ],
      "facets": [
        {
          "itemCode": "00020012",
          "itemDescription": "Non-GMO"
        }
      ],
      "categoryTrees": [
        {
          "level0": "Personal Care",
          "level1": "Beauty & Grooming",
          "level2": "Hand & Body Care"
        }
      ],
      "cateredFlag": false
    },
    {
      "productId": "5201420-EA-000",
      "brand": "L'Oreal Paris",
      "name": "Magic Retouch Dark Brown Instant Root Concealer Spray",
      "displayName": "75ml",
      "availability": [
        "IN_STORE",
        "ONLINE"
      ],
      "saleType": "UNITS",
      "restrictedFlag": false,
      "liquorFlag": false,
      "tobaccoFlag": false,
      "originRegulated": false,
      "singlePrice": {
        "price": 1499,
        "promoId": "128941492",
        "comparativePrice": {
          "pricePerUnit": 1999,
          "unitQuantity": 100,
          "unitQuantityUom": "ml",
          "measureDescription": "100ml"
        }
      },
      "promotions": [
        {
          "promoId": "128941492",
          "rewardValue": 1499,
          "decal": "6000",
          "sapType": "BASE",
          "rewardType": "NEW_PRICE",
          "threshold": 1,
          "limit": 0,
          "multiProducts": false,
          "cardDependencyFlag": false,
          "bestPromotion": true,
          "comparativePrice": {
            "pricePerUnit": 1999,
            "unitQuantity": 100,
            "unitQuantityUom": "ml",
            "measureDescription": "100ml"
          }
        }
      ],
      "categoryTrees": [
        {
          "level0": "Personal Care",
          "level1": "Beauty & Grooming",
          "level2": "Hair Colouring"
        }
      ],
      "cateredFlag": false
    },
    {
      "productId": "5256135-EA-000",
      "brand": "Musashi",
      "name": "Plant Protein Vanilla Milkshake Flavour Powder",
      "displayName": "320g",
      "availability": [
        "IN_STORE",
        "ONLINE"
      ],
      "saleType": "UNITS",
      "restrictedFlag": false,
      "liquorFlag": false,
      "tobaccoFlag": false,
      "originRegulated": false,
      "singlePrice": {
        "price": 3249,
        "comparativePrice": {
          "pricePerUnit": 1015,
          "unitQuantity": 100,
          "unitQuantityUom": "g",
          "measureDescription": "100g"
        }
      },
      "facets": [
        {
          "itemCode": "00020013",
          "itemDescription": "Vegan"
        }
      ],
      "categoryTrees": [
        {
          "level0": "Personal Care",
          "level1": "Health & Wellness",
          "level2": "Wellness & Sports Nutrition"
        }
      ],
      "cateredFlag": false
    },
    {
      "productId": "5247651-EA-000",
      "brand": "Musashi",
      "name": "Shred & Burn Chocolate Milkshake Flavour Powder",
      "displayName": "340g",
      "availability": [
        "IN_STORE",
        "ONLINE"
      ],
      "saleType": "UNITS",
      "restrictedFlag": false,
      "liquorFlag": false,
      "tobaccoFlag": false,
      "originRegulated": false,
      "singlePrice": {
        "price": 3249,
        "comparativePrice": {
          "pricePerUnit": 956,
          "unitQuantity": 100,
          "unitQuantityUom": "g",
          "measureDescription": "100g"
        }
      },
      "categoryTrees": [
        {
          "level0": "Personal Care",
          "level1": "Health & Wellness",
          "level2": "Wellness & Sports Nutrition"
        }
      ],
      "cateredFlag": false
    },
    {
      "productId": "5021733-EA-000",
      "brand": "Radox",
      "name": "Muscle Soothe Bath",
      "displayName": "500g",
      "availability": [
        "IN_STORE",
        "ONLINE"
      ],
      "saleType": "UNITS",
      "restrictedFlag": false,
      "liquorFlag": false,
      "tobaccoFlag": false,
      "originRegulated": false,
      "singlePrice": {
        "price": 999,
        "comparativePrice": {
          "pricePerUnit": 200,
          "unitQuantity": 100,
          "unitQuantityUom": "g",
          "measureDescription": "100g"
        }
      },
      "facets": [
        {
          "itemCode": "00020012",
          "itemDescription": "Non-GMO"
        }
      ],
      "categoryTrees": [
        {
          "level0": "Personal Care",
          "level1": "Beauty & Grooming",
          "level2": "Hand & Body Care"
        }
      ],
      "cateredFlag": false
    },
    {
      "productId": "5282739-EA-000",
      "brand": "Gillette",
      "name": "Sport Replacement Cartridges",
      "displayName": "4pk",
      "availability": [
        "IN_STORE",
        "ONLINE"
      ],
      "saleType": "UNITS",
      "restrictedFlag": false,
      "liquorFlag": false,
      "tobaccoFlag": false,
      "originRegulated": false,
      "singlePrice": {
        "price": 2799,
        "comparativePrice": {
          "pricePerUnit": 700,
          "unitQuantity": 1,
          "unitQuantityUom": "ea",
          "measureDescription": "ea"
        }
      },
      "categoryTrees": [
        {
          "level0": "Personal Care",
          "level1": "Beauty & Grooming",
          "level2": "Shaving & Hair Removal"
        }
      ],
      "cateredFlag": false
    },
    {
      "productId": "5216868-EA-000",
      "brand": "Value",
      "name": "Super Hold Hair Spray",
      "displayName": "500ml",
      "availability": [
        "IN_STORE",
        "ONLINE"
      ],
      "saleType": "UNITS",
      "restrictedFlag": false,
      "liquorFlag": false,
      "tobaccoFlag": false,
      "originRegulated": false,
      "singlePrice": {
        "price": 859,
        "comparativePrice": {
          "pricePerUnit": 172,
          "unitQuantity": 100,
          "unitQuantityUom": "ml",
          "measureDescription": "100ml"
        }
      },
      "facets": [
        {
          "itemCode": "00020012",
          "itemDescription": "Non-GMO"
        }
      ],
      "categoryTrees": [
        {
          "level0": "Personal Care",
          "level1": "Beauty & Grooming",
          "level2": "Hair Styling & Accessories"
        }
      ],
      "cateredFlag": false
    },
    {
      "productId": "5227222-EA-000",
      "brand": "Ecostore",
      "name": "Ultra Sensitive Fragrance Free Shampoo",
      "displayName": "350ml",
      "availability": [
        "IN_STORE",
        "ONLINE"
      ],
      "saleType": "UNITS",
      "restrictedFlag": false,
      "liquorFlag": false,
      "tobaccoFlag": false,
      "originRegulated": false,
      "singlePrice": {
        "price": 799,
        "comparativePrice": {
          "pricePerUnit": 228,
          "unitQuantity": 100,
          "unitQuantityUom": "ml",
          "measureDescription": "100ml"
        }
      },
      "categoryTrees": [
        {
          "level0": "Personal Care",
          "level1": "Beauty & Grooming",
          "level2": "Hair Care & Treatments"
        }
      ],
      "cateredFlag": false
    },
    {
      "productId": "5035190-EA-000",
      "brand": "Centrum",
      "name": "For Woman 50+ Vitamin Tablets",
      "displayName": "90pk",
      "availability": [
        "IN_STORE",
        "ONLINE"
      ],
      "saleType": "UNITS",
      "restrictedFlag": false,
      "liquorFlag": false,
      "tobaccoFlag": false,
      "originRegulated": false,
      "singlePrice": {
        "price": 1999,
        "promoId": "128992269",
        "comparativePrice": {
          "pricePerUnit": 2221,
          "unitQuantity": 100,
          "unitQuantityUom": " ",
          "measureDescription": "100"
        }
      },
      "promotions": [
        {
          "promoId": "128992269",
          "rewardValue": 1999,
          "decal": "6000",
          "sapType": "BASE",
          "rewardType": "NEW_PRICE",
          "threshold": 1,
          "limit": 0,
          "multiProducts": false,
          "cardDependencyFlag": false,
          "bestPromotion": true,
          "comparativePrice": {
            "pricePerUnit": 2221,
            "unitQuantity": 100,
            "unitQuantityUom": " ",
            "measureDescription": "100"
          }
        }
      ],
      "facets": [
        {
          "itemCode": "00020012",
          "itemDescription": "Non-GMO"
        }
      ],
      "categoryTrees": [
        {
          "level0": "Personal Care",
          "level1": "Health & Wellness",
          "level2": "Vitamins & Supplements"
        }
      ],
      "cateredFlag": false
    },
    {
      "productId": "5286157-EA-000",
      "brand": "North Head",
      "name": "Men's Value Trainor Socks Size 7-10 Assorted",
      "displayName": "1ea",
      "availability": [
        "IN_STORE",
        "ONLINE"
      ],
      "saleType": "UNITS",
      "restrictedFlag": false,
      "liquorFlag": false,
      "tobaccoFlag": false,
      "originRegulated": false,
      "singlePrice": {
        "price": 299
      },
      "categoryTrees": [
        {
          "level0": "Personal Care",
          "level1": "Beauty & Grooming",
          "level2": "Apparel & Hosiery"
        }
      ],
      "cateredFlag": false
    },
    {
      "productId": "5260930-EA-000",
      "brand": "Gillette",
      "name": "Styler Beard Trimmer Razor & Edger",
      "displayName": "1pk",
      "availability": [
        "IN_STORE",
        "ONLINE"
      ],
      "saleType": "UNITS",
      "restrictedFlag": false,
      "liquorFlag": false,
      "tobaccoFlag": false,
      "originRegulated": false,
      "singlePrice": {
        "price": 3459
      },
      "categoryTrees": [
        {
          "level0": "Personal Care",
          "level1": "Beauty & Grooming",
          "level2": "Shaving & Hair Removal"
        }
      ],
      "cateredFlag": false
    },
    {
      "productId": "5033220-EA-000",
      "brand": "Durex",
      "name": "Real Feel Regular Fit Condoms",
      "displayName": "8pk",
      "availability": [
        "IN_STORE",
        "ONLINE"
      ],
      "saleType": "UNITS",
      "restrictedFlag": false,
      "liquorFlag": false,
      "tobaccoFlag": false,
      "originRegulated": false,
      "singlePrice": {
        "price": 1779,
        "comparativePrice": {
          "pricePerUnit": 222,
          "unitQuantity": 1,
          "unitQuantityUom": "ea",
          "measureDescription": "ea"
        }
      },
      "categoryTrees": [
        {
          "level0": "Personal Care",
          "level1": "Health & Wellness",
          "level2": "Family Planning"
        }
      ],
      "cateredFlag": false
    },
    {
      "productId": "5013612-EA-000",
      "brand": "Olay",
      "name": "Total Effects 7 in 1 Normal Day Cream SPF15",
      "displayName": "50g",
      "availability": [
        "IN_STORE",
        "ONLINE"
      ],
      "saleType": "UNITS",
      "restrictedFlag": false,
      "liquorFlag": false,
      "tobaccoFlag": false,
      "originRegulated": false,
      "singlePrice": {
        "price": 2169,
        "promoId": "128928645",
        "comparativePrice": {
          "pricePerUnit": 4338,
          "unitQuantity": 100,
          "unitQuantityUom": "g",
          "measureDescription": "100g"
        }
      },
      "promotions": [
        {
          "promoId": "128928645",
          "rewardValue": 2169,
          "decal": "6000",
          "sapType": "BASE",
          "rewardType": "NEW_PRICE",
          "threshold": 1,
          "limit": 0,
          "multiProducts": false,
          "cardDependencyFlag": false,
          "bestPromotion": true,
          "comparativePrice": {
            "pricePerUnit": 4338,
            "unitQuantity": 100,
            "unitQuantityUom": "g",
            "measureDescription": "100g"
          }
        }
      ],
      "categoryTrees": [
        {
          "level0": "Personal Care",
          "level1": "Beauty & Grooming",
          "level2": "Face & Lip Skin Care"
        }
      ],
      "cateredFlag": false
    },
    {
      "productId": "5267239-EA-000",
      "brand": "Glow Lab",
      "name": "Hydrating Shampoo",
      "displayName": "600ml",
      "availability": [
        "IN_STORE",
        "ONLINE"
      ],
      "saleType": "UNITS",
      "restrictedFlag": false,
      "liquorFlag": false,
      "tobaccoFlag": false,
      "originRegulated": false,
      "singlePrice": {
        "price": 1869,
        "comparativePrice": {
          "pricePerUnit": 312,
          "unitQuantity": 100,
          "unitQuantityUom": "ml",
          "measureDescription": "100ml"
        }
      },
      "categoryTrees": [
        {
          "level0": "Personal Care",
          "level1": "Beauty & Grooming",
          "level2": "Hair Care & Treatments"
        }
      ],
      "cateredFlag": false
    },
    {
      "productId": "5095529-EA-000",
      "brand": "Simply Silk",
      "name": "Vanilla Bean + Almond Body Wash Refill",
      "displayName": "1l",
      "availability": [
        "IN_STORE",
        "ONLINE"
      ],
      "saleType": "UNITS",
      "restrictedFlag": false,
      "liquorFlag": false,
      "tobaccoFlag": false,
      "originRegulated": false,
      "singlePrice": {
        "price": 599,
        "promoId": "128865405",
        "comparativePrice": {
          "pricePerUnit": 60,
          "unitQuantity": 100,
          "unitQuantityUom": "ml",
          "measureDescription": "100ml"
        }
      },
      "promotions": [
        {
          "promoId": "128865405",
          "rewardValue": 599,
          "decal": "6000",
          "sapType": "BASE",
          "rewardType": "NEW_PRICE",
          "threshold": 1,
          "limit": 0,
          "multiProducts": false,
          "cardDependencyFlag": false,
          "bestPromotion": true,
          "comparativePrice": {
            "pricePerUnit": 60,
            "unitQuantity": 100,
            "unitQuantityUom": "ml",
            "measureDescription": "100ml"
          }
        }
      ],
      "categoryTrees": [
        {
          "level0": "Personal Care",
          "level1": "Beauty & Grooming",
          "level2": "Hand & Body Care"
        }
      ],
      "cateredFlag": false
    },
    {
      "productId": "5012045-EA-000",
      "brand": "Neutrogena",
      "name": "Norwegian F/Free Hand Cream",
      "displayName": "56g",
      "availability": [
        "IN_STORE",
        "ONLINE"
      ],
      "saleType": "UNITS",
      "restrictedFlag": false,
      "liquorFlag": false,
      "tobaccoFlag": false,
      "originRegulated": false,
      "singlePrice": {
        "price": 769,
        "promoId": "128928823",
        "comparativePrice": {
          "pricePerUnit": 1373,
          "unitQuantity": 100,
          "unitQuantityUom": "g",
          "measureDescription": "100g"
        }
      },
      "promotions": [
        {
          "promoId": "128928823",
          "rewardValue": 769,
          "decal": "6000",
          "sapType": "BASE",
          "rewardType": "NEW_PRICE",
          "threshold": 1,
          "limit": 0,
          "multiProducts": false,
          "cardDependencyFlag": false,
          "bestPromotion": true,
          "comparativePrice": {
            "pricePerUnit": 1373,
            "unitQuantity": 100,
            "unitQuantityUom": "g",
            "measureDescription": "100g"
          }
        }
      ],
      "facets": [
        {
          "itemCode": "00020012",
          "itemDescription": "Non-GMO"
        }
      ],
      "categoryTrees": [
        {
          "level0": "Personal Care",
          "level1": "Beauty & Grooming",
          "level2": "Hand & Body Care"
        }
      ],
      "cateredFlag": false
    },
    {
      "productId": "5100337-EA-000",
      "brand": "Olay",
      "name": "Total Effects 7-In-1 Anti Ageing Foaming Cleanser",
      "displayName": "100g",
      "availability": [
        "IN_STORE",
        "ONLINE"
      ],
      "saleType": "UNITS",
      "restrictedFlag": false,
      "liquorFlag": false,
      "tobaccoFlag": false,
      "originRegulated": false,
      "singlePrice": {
        "price": 839,
        "promoId": "128928628",
        "comparativePrice": {
          "pricePerUnit": 839,
          "unitQuantity": 100,
          "unitQuantityUom": "g",
          "measureDescription": "100g"
        }
      },
      "promotions": [
        {
          "promoId": "128928628",
          "rewardValue": 839,
          "decal": "6000",
          "sapType": "BASE",
          "rewardType": "NEW_PRICE",
          "threshold": 1,
          "limit": 0,
          "multiProducts": false,
          "cardDependencyFlag": false,
          "bestPromotion": true,
          "comparativePrice": {
            "pricePerUnit": 839,
            "unitQuantity": 100,
            "unitQuantityUom": "g",
            "measureDescription": "100g"
          }
        }
      ],
      "categoryTrees": [
        {
          "level0": "Personal Care",
          "level1": "Beauty & Grooming",
          "level2": "Face & Lip Skin Care"
        }
      ],
      "cateredFlag": false
    },
    {
      "productId": "5012046-EA-000",
      "brand": "Neutrogena",
      "name": "Deep Clean Cream Cleanser",
      "displayName": "200ml",
      "availability": [
        "IN_STORE",
        "ONLINE"
      ],
      "saleType": "UNITS",
      "restrictedFlag": false,
      "liquorFlag": false,
      "tobaccoFlag": false,
      "originRegulated": false,
      "singlePrice": {
        "price": 1469,
        "promoId": "128928831",
        "comparativePrice": {
          "pricePerUnit": 735,
          "unitQuantity": 100,
          "unitQuantityUom": "ml",
          "measureDescription": "100ml"
        }
      },
      "promotions": [
        {
          "promoId": "128928831",
          "rewardValue": 1469,
          "decal": "6000",
          "sapType": "BASE",
          "rewardType": "NEW_PRICE",
          "threshold": 1,
          "limit": 0,
          "multiProducts": false,
          "cardDependencyFlag": false,
          "bestPromotion": true,
          "comparativePrice": {
            "pricePerUnit": 735,
            "unitQuantity": 100,
            "unitQuantityUom": "ml",
            "measureDescription": "100ml"
          }
        }
      ],
      "facets": [
        {
          "itemCode": "00020012",
          "itemDescription": "Non-GMO"
        }
      ],
      "categoryTrees": [
        {
          "level0": "Personal Care",
          "level1": "Beauty & Grooming",
          "level2": "Face & Lip Skin Care"
        }
      ],
      "cateredFlag": false
    }
  ],
  "algoliaSearchResult": {
    "facets": {
      "brand": {
        "Healtheries": 70,
        "L'Oreal Paris": 65,
        "Nivea": 64,
        "Colgate": 62,
        "Garnier": 46,
        "Red Seal": 46,
        "Glow Lab": 39,
        "Musashi": 39,
        "Dove": 35,
        "Neutrogena": 34,
        "Korbond": 33,
        "North Head": 33,
        "Ecostore": 32,
        "Nivea Men": 31,
        "Dettol": 29,
        "Schick": 29,
        "Head & Shoulders": 28,
        "Gillette": 26,
        "Oral-B": 25,
        "Essano": 22,
        "Pams": 22,
        "Sunsilk": 20,
        "Olay": 19,
        "Carefree": 18,
        "OGX": 18,
        "Schwarzkopf Extra Care": 18,
        "Sensodyne": 18,
        "U By Kotex": 18,
        "Palmolive": 17,
        "Pantene Pro-V": 17,
        "Listerine": 15,
        "Tresemme": 15,
        "Elastoplast": 14,
        "Tena": 14,
        "Libra": 13,
        "Palmolive Naturals": 13,
        "Poise": 13,
        "Anihana": 12,
        "Berocca": 12,
        "Herbal Essences": 12,
        "Lynx": 12,
        "Nature's Way": 12,
        "Rexona": 12,
        "Pantene": 11,
        "Veet": 11,
        "Aveeno": 10,
        "Durex": 10,
        "Grin": 10,
        "Rexona Men": 10,
        "Value": 10,
        "Vicks": 10,
        "Atkins": 9,
        "Gaviscon": 9,
        "Nurofen": 9,
        "Quest": 9,
        "Centrum": 8,
        "Gillette Venus": 8,
        "Organic Care": 8,
        "Strepsils": 8,
        "Mouthfresh": 7,
        "Napro": 7,
        "Reach": 7,
        "Schwarzkopf Live": 7,
        "Vaseline": 7,
        "Horleys": 6,
        "Just For Men": 6,
        "Lemsip": 6,
        "Nourish": 6,
        "Panadol": 6,
        "Polident": 6,
        "Protex": 6,
        "Schwarzkopf Brilliance": 6,
        "Simply Silk": 6,
        "Stayfree": 6,
        "Tom Organic": 6,
        "Blistex": 5,
        "Codral": 5,
        "Dominate": 5,
        "Essano Rosehip": 5,
        "Marzena": 5,
        "Mitchum": 5,
        "Natures Way": 5,
        "Radox": 5,
        "Silk": 5,
        "Skyn": 5,
        "Tampax": 5,
        "Zealea": 5,
        "d3": 5,
        "Banana Boat": 4,
        "Barebells": 4,
        "Batiste": 4,
        "Bic": 4,
        "Brut": 4,
        "Cetaphil": 4,
        "Cool Charm": 4,
        "Depend": 4,
        "Em's Power Cookies": 4,
        "Ethics": 4,
        "Femfresh": 4,
        "Helena": 4
      },
      "category1NI": {
        "Beauty & Grooming": 1180,
        "Health & Wellness": 537,
        "Pams": 11,
        "Baby Care": 2,
        "Biscuits & Crackers": 2,
        "Snack Foods": 1
      },
      "onPromotion": {
        "21ecaaed-0749-4492-985e-4bb7ba43d59c": 717,
        "b92cc33f-b5a8-4b57-9b82-412946800020": 578,
        "e1925ea7-01bc-4358-ae7c-c6502da5ab12": 572,
        "3c5e3145-0767-4066-9349-6c0a1313acc5": 530,
        "92086ded-a55d-4241-a364-7d7ea91531b4": 530,
        "65defcf2-bc15-490e-a84f-1f13b769cd22": 526,
        "c0f80e87-16be-4488-9553-da437e8c6c2a": 525,
        "64eab5b1-8d79-45f4-94f1-02b8cf8b6202": 516,
        "c180a72d-5dbe-4403-b7c7-91655e505492": 512,
        "3404c253-577f-45ca-b301-c98312e46efb": 509,
        "48dd98cc-a757-4102-b15d-ea82b4b10571": 508,
        "8f0d70be-5cb7-464b-99cb-8b0130671895": 507,
        "714431ab-6e39-4df6-ac77-cfc5c1e25bc8": 506,
        "3bb30799-82ce-4648-8c02-5113228963ed": 500,
        "33d8d6fc-861a-45ff-9937-5ccdb55eaede": 493,
        "a7d09522-bee2-41e4-8fe0-0b82b7f342f5": 493,
        "c3f9e1a3-fc34-452d-af2e-95349e666ba4": 489,
        "b2e98a14-c8ca-401e-99ed-edf74570c6f6": 487,
        "15e6f441-5c1c-4d25-b4ec-1adf918c49c7": 480,
        "5f167936-79ae-4f6a-b9d2-74afe1bb096b": 478,
        "49037947-e450-49bf-ba1f-a94551c79a72": 475,
        "61dd754e-8525-4b9e-9e08-173389eea8a8": 473,
        "53989945-1a28-481d-a61c-d6f75f760ada": 469,
        "7d48a781-4f68-4c91-a908-8659e1b22f95": 468,
        "01a114de-149c-4f5f-80a1-90cc63f69c6e": 463,
        "5cf0392f-c187-4fc4-a463-eb269d2e8f45": 461,
        "6cda96e1-7d29-44a6-956b-3fcfdecc8184": 460,
        "90082979-fb9f-4305-9c72-83274fc438cc": 453,
        "715f0e22-95e0-45ce-af3a-07057209976e": 452,
        "c2204dae-579e-4b6b-9d42-2e13ceaa6031": 452,
        "1c388d5e-29ac-4956-b476-cb3431353d2e": 450,
        "b83029b6-5dd5-449e-8056-26f3943a4e18": 449,
        "b39562a4-2b72-43fe-b9ba-eda1d651ad0b": 447,
        "98ec3885-ac93-4fcb-807b-59c9055c52c4": 444,
        "529d66cc-60e3-432e-b8d1-efc9f2ec4919": 442,
        "6e6809dd-01bc-45c9-aab1-f01ccd8338b0": 442,
        "2ed73be8-936d-4f35-9398-75a707f40a7b": 438,
        "b29a98bd-749c-489c-9eef-6aa38e66a29b": 437,
        "be4c4780-218e-425a-a90f-63e21773572b": 433,
        "d6d39eea-889d-4e20-923c-55cab225cf7f": 433,
        "9cd8eb60-3222-4efc-bd7c-50e03e6a81a4": 430,
        "dbca5e00-f7f9-43ae-91de-031ad16f8a92": 428,
        "d8032da3-c1b9-456e-b626-41ce21f8c67b": 424,
        "3bfe040b-f0c9-45e0-949b-b9ad5a591d55": 423,
        "4fcc1c8e-cc5e-4675-ba25-5e56b579cf69": 414,
        "4a279605-eaa8-470d-bcd4-0a9e3c9ab43b": 411,
        "af385423-d0f1-41f0-9482-ffd10b745143": 404,
        "50b1216b-d066-4457-b88b-9bccf97bf6d3": 403,
        "d1cd1fdd-8767-46a6-a8d3-c3e0632c2dc8": 401,
        "8cd700ae-d96f-4761-bd7a-805d6b93536d": 398,
        "94ef1985-cab1-4b39-a2f3-230120f03c16": 364,
        "076e8177-943b-41fc-a885-ba3d28297acf": 360,
        "6c73764e-b8e6-4e55-ad37-f6a9d207da1f": 351,
        "60561e46-ece7-43a7-b142-9b14812586e4": 349,
        "3e82142c-78dc-46f3-82ec-28e65fcf84c9": 295
      },
      "productFacets": {
        "Non-GMO": 360,
        "Gluten Free": 114,
        "Vegan": 72,
        "Low Sugar": 53,
        "Organic": 30,
        "Dairy Free": 17,
        "Low Fat": 13,
        "Keto": 7,
        "Vegetarian": 7,
        "Halal": 5
      }
    }
  },
  "totalHits": 1000,
  "page": 19,
  "totalPages": 20,
  "hitsPerPage": 50
}
