{
  "tobaccoProducts": false,
  "products": [
    {
      "productId": "5037842-EA-000",
      "brand": "Pantene Pro-V",
      "name": "Classic Clean Conditioner",
      "displayName": "900ml",
      "availability": [
        "IN_STORE",
        "ONLINE"
      ],
      "saleType": "UNITS",
      "restrictedFlag": false,
      "liquorFlag": false,
      "tobaccoFlag": false,
      "originRegulated": false,
      "singlePrice": {
        "price": 1879,
        "comparativePrice": {
          "pricePerUnit": 209,
          "unitQuantity": 100,
          "unitQuantityUom": "ml",
          "measureDescription": "100ml"
        }
      },
      "categoryTrees": [
        {
          "level0": "Personal Care",
          "level1": "Beauty & Grooming",
          "level2": "Hair Care & Treatments"
        }
      ],
      "cateredFlag": false
    },
    {
      "productId": "5014308-EA-000",
      "brand": "Carefree",
      "name": "Flexia Super Tampons",
      "displayName": "16pk",
      "availability": [
        "IN_STORE",
        "ONLINE"
      ],
      "saleType": "UNITS",
      "restrictedFlag": false,
      "liquorFlag": false,
      "tobaccoFlag": false,
      "originRegulated": false,
      "singlePrice": {
        "price": 619,
        "comparativePrice": {
          "pricePerUnit": 39,
          "unitQuantity": 1,
          "unitQuantityUom": "ea",
          "measureDescription": "ea"
        }
      },
      "facets": [
        {
          "itemCode": "00020012",
          "itemDescription": "Non-GMO"
        }
      ],
      "categoryTrees": [
        {
          "level0": "Personal Care",
          "level1": "Health & Wellness",
          "level2": "Period & Continence Care"
        }
      ],
      "cateredFlag": false
    },
    {
      "productId": "5258548-EA-000",
      "brand": "Dettol",
      "name": "Foaming Lime & Orange Hand Wash Refill",
      "displayName": "900ml",
      "availability": [
        "IN_STORE",
        "ONLINE"
      ],
      "saleType": "UNITS",
      "restrictedFlag": false,
      "liquorFlag": false,
      "tobaccoFlag": false,
      "originRegulated": false,
      "singlePrice": {
        "price": 799,
        "promoId": "128943211",
        "comparativePrice": {
          "pricePerUnit": 89,
          "unitQuantity": 100,
          "unitQuantityUom": "ml",
          "measureDescription": "100ml"
        }
      },
      "promotions": [
        {
          "promoId": "128943211",
          "rewardValue": 799,
          "decal": "6000",
          "sapType": "BASE",
          "rewardType": "NEW_PRICE",
          "threshold": 1,
          "limit": 0,
          "multiProducts": false,
          "cardDependencyFlag": false,
          "bestPromotion": true,
          "comparativePrice": {
            "pricePerUnit": 89,
            "unitQuantity": 100,
            "unitQuantityUom": "ml",
            "measureDescription": "100ml"
          }
        }
      ],
      "categoryTrees": [
        {
          "level0": "Personal Care",
          "level1": "Beauty & Grooming",
          "level2": "Hand & Body Care"
        }
      ],
      "cateredFlag": false
    },
    {
      "productId": "5034287-EA-000",
      "brand": "Silk",
      "name": "Biodegradable Organic Cotton Make-Up Pads",
      "displayName": "70pk",
      "availability": [
        "IN_STORE",
        "ONLINE"
      ],
      "saleType": "UNITS",
      "restrictedFlag": false,
      "liquorFlag": false,
      "tobaccoFlag": false,
      "originRegulated": false,
      "singlePrice": {
        "price": 319,
        "promoId": "128865399",
        "comparativePrice": {
          "pricePerUnit": 456,
          "unitQuantity": 100,
          "unitQuantityUom": " ",
          "measureDescription": "100"
        }
      },
      "promotions": [
        {
          "promoId": "128865399",
          "rewardValue": 319,
          "decal": "6000",
          "sapType": "BASE",
          "rewardType": "NEW_PRICE",
          "threshold": 1,
          "limit": 0,
          "multiProducts": false,
          "cardDependencyFlag": false,
          "bestPromotion": true,
          "comparativePrice": {
            "pricePerUnit": 456,
            "unitQuantity": 100,
            "unitQuantityUom": " ",
            "measureDescription": "100"
          }
        }
      ],
      "facets": [
        {
          "itemCode": "00020001",
          "itemDescription": "Organic"
        }
      ],
      "categoryTrees": [
        {
          "level0": "Personal Care",
          "level1": "Beauty & Grooming",
          "level2": "Makeup & Cosmetics"
        }
      ],
      "cateredFlag": false
    },
    {
      "productId": "5266600-EA-000",
      "brand": "Lynx",
      "name": "Anarchy For Her Rose & Bergamot Scent 48hr Deodorant Bodyspray",
      "displayName": "165ml",
      "availability": [
        "IN_STORE",
        "ONLINE"
      ],
      "saleType": "UNITS",
      "restrictedFlag": false,
      "liquorFlag": false,
      "tobaccoFlag": false,
      "originRegulated": false,
      "singlePrice": {
        "price": 579,
        "promoId": "128922856",
        "comparativePrice": {
          "pricePerUnit": 351,
          "unitQuantity": 100,
          "unitQuantityUom": "ml",
          "measureDescription": "100ml"
        }
      },
      "promotions": [
        {
          "promoId": "128922856",
          "rewardValue": 579,
          "decal": "6000",
          "sapType": "BASE",
          "rewardType": "NEW_PRICE",
          "threshold": 1,
          "limit": 0,
          "multiProducts": false,
          "cardDependencyFlag": false,
          "bestPromotion": true,
          "comparativePrice": {
            "pricePerUnit": 351,
            "unitQuantity": 100,
            "unitQuantityUom": "ml",
            "measureDescription": "100ml"
          }
        }
      ],
      "facets": [
        {
          "itemCode": "00020012",
          "itemDescription": "Non-GMO"
        }
      ],
      "categoryTrees": [
        {
          "level0": "Personal Care",
          "level1": "Beauty & Grooming",
          "level2": "Deodorants"
        }
      ],
      "cateredFlag": false
    },
    {
      "productId": "5210746-EA-000",
      "brand": "Oral-B",
      "name": "0% Alcohol Deep Clean Mint Mouthwash",
      "displayName": "500ml",
      "availability": [
        "IN_STORE",
        "ONLINE"
      ],
      "saleType": "UNITS",
      "restrictedFlag": false,
      "liquorFlag": false,
      "tobaccoFlag": false,
      "originRegulated": false,
      "singlePrice": {
        "price": 839,
        "comparativePrice": {
          "pricePerUnit": 168,
          "unitQuantity": 100,
          "unitQuantityUom": "ml",
          "measureDescription": "100ml"
        }
      },
      "categoryTrees": [
        {
          "level0": "Personal Care",
          "level1": "Beauty & Grooming",
          "level2": "Oral Health"
        }
      ],
      "cateredFlag": false
    },
    {
      "productId": "5011468-EA-000",
      "brand": "Schwarzkopf Extra Care",
      "name": "Strong Styling Hairspray",
      "displayName": "250g",
      "availability": [
        "IN_STORE",
        "ONLINE"
      ],
      "saleType": "UNITS",
      "restrictedFlag": false,
      "liquorFlag": false,
      "tobaccoFlag": false,
      "originRegulated": false,
      "singlePrice": {
        "price": 969,
        "comparativePrice": {
          "pricePerUnit": 388,
          "unitQuantity": 100,
          "unitQuantityUom": "g",
          "measureDescription": "100g"
        }
      },
      "categoryTrees": [
        {
          "level0": "Personal Care",
          "level1": "Beauty & Grooming",
          "level2": "Hair Styling & Accessories"
        }
      ],
      "cateredFlag": false
    },
    {
      "productId": "5209899-EA-000",
      "brand": "Red Seal",
      "name": "Vita Fizz Performance Effervescent Tablets",
      "displayName": "20pk",
      "availability": [
        "IN_STORE",
        "ONLINE"
      ],
      "saleType": "UNITS",
      "restrictedFlag": false,
      "liquorFlag": false,
      "tobaccoFlag": false,
      "originRegulated": false,
      "singlePrice": {
        "price": 499,
        "promoId": "129012447",
        "comparativePrice": {
          "pricePerUnit": 25,
          "unitQuantity": 1,
          "unitQuantityUom": "ea",
          "measureDescription": "ea"
        }
      },
      "promotions": [
        {
          "promoId": "129012447",
          "rewardValue": 499,
          "decal": "6000",
          "sapType": "BASE",
          "rewardType": "NEW_PRICE",
          "threshold": 1,
          "limit": 0,
          "multiProducts": false,
          "cardDependencyFlag": false,
          "bestPromotion": true,
          "comparativePrice": {
            "pricePerUnit": 25,
            "unitQuantity": 1,
            "unitQuantityUom": "ea",
            "measureDescription": "ea"
          }
        }
      ],
      "categoryTrees": [
        {
          "level0": "Personal Care",
          "level1": "Health & Wellness",
          "level2": "Vitamins & Supplements"
        }
      ],
      "cateredFlag": false
    },
    {
      "productId": "5002261-EA-000",
      "brand": "Nurofen",
      "name": "Pain & Inflammation Relief Caplets",
      "displayName": "24pk",
      "availability": [
        "IN_STORE",
        "ONLINE"
      ],
      "saleType": "UNITS",
      "restrictedFlag": false,
      "liquorFlag": false,
      "tobaccoFlag": false,
      "originRegulated": false,
      "singlePrice": {
        "price": 899,
        "comparativePrice": {
          "pricePerUnit": 37,
          "unitQuantity": 1,
          "unitQuantityUom": "ea",
          "measureDescription": "ea"
        }
      },
      "categoryTrees": [
        {
          "level0": "Personal Care",
          "level1": "Health & Wellness",
          "level2": "Pain Relief"
        }
      ],
      "cateredFlag": false
    },
    {
      "productId": "5007563-EA-000",
      "brand": "Nurofen",
      "name": "Zavance Fast Pain Relief Tablets",
      "displayName": "24pk",
      "availability": [
        "IN_STORE",
        "ONLINE"
      ],
      "saleType": "UNITS",
      "restrictedFlag": false,
      "liquorFlag": false,
      "tobaccoFlag": false,
      "originRegulated": false,
      "singlePrice": {
        "price": 1219,
        "comparativePrice": {
          "pricePerUnit": 51,
          "unitQuantity": 1,
          "unitQuantityUom": "ea",
          "measureDescription": "ea"
        }
      },
      "categoryTrees": [
        {
          "level0": "Personal Care",
          "level1": "Health & Wellness",
          "level2": "Pain Relief"
        }
      ],
      "cateredFlag": false
    },
    {
      "productId": "5020290-EA-000",
      "brand": "Nourish",
      "name": "Coconut & Gardenia Natural Soap",
      "displayName": "3 x 90g",
      "availability": [
        "IN_STORE",
        "ONLINE"
      ],
      "saleType": "UNITS",
      "restrictedFlag": false,
      "liquorFlag": false,
      "tobaccoFlag": false,
      "originRegulated": false,
      "singlePrice": {
        "price": 469,
        "promoId": "128943150",
        "comparativePrice": {
          "pricePerUnit": 174,
          "unitQuantity": 100,
          "unitQuantityUom": "g",
          "measureDescription": "100g"
        }
      },
      "promotions": [
        {
          "promoId": "128943150",
          "rewardValue": 469,
          "decal": "6000",
          "sapType": "BASE",
          "rewardType": "NEW_PRICE",
          "threshold": 1,
          "limit": 0,
          "multiProducts": false,
          "cardDependencyFlag": false,
          "bestPromotion": true,
          "comparativePrice": {
            "pricePerUnit": 174,
            "unitQuantity": 100,
            "unitQuantityUom": "g",
            "measureDescription": "100g"
          }
        }
      ],
      "categoryTrees": [
        {
          "level0": "Personal Care",
          "level1": "Beauty & Grooming",
          "level2": "Hand & Body Care"
        }
      ],
      "cateredFlag": false
    },
    {
      "productId": "5004768-EA-000",
      "brand": "Pams",
      "name": "Assorted Plastic Plaster Shapes",
      "displayName": "30pk",
      "availability": [
        "IN_STORE",
        "ONLINE"
      ],
      "saleType": "UNITS",
      "restrictedFlag": false,
      "liquorFlag": false,
      "tobaccoFlag": false,
      "originRegulated": false,
      "singlePrice": {
        "price": 329,
        "promoId": "128922986",
        "comparativePrice": {
          "pricePerUnit": 11,
          "unitQuantity": 1,
          "unitQuantityUom": "ea",
          "measureDescription": "ea"
        }
      },
      "promotions": [
        {
          "promoId": "128922986",
          "rewardValue": 329,
          "decal": "6000",
          "sapType": "BASE",
          "rewardType": "NEW_PRICE",
          "threshold": 1,
          "limit": 0,
          "multiProducts": false,
          "cardDependencyFlag": false,
          "bestPromotion": true,
          "comparativePrice": {
            "pricePerUnit": 11,
            "unitQuantity": 1,
            "unitQuantityUom": "ea",
            "measureDescription": "ea"
          }
        }
      ],
      "facets": [
        {
          "itemCode": "00020012",
          "itemDescription": "Non-GMO"
        }
      ],
      "categoryTrees": [
        {
          "level0": "Personal Care",
          "level1": "Health & Wellness",
          "level2": "First Aid"
        },
        {
          "level0": "Featured",
          "level1": "Pams",
          "level2": "Health & Wellness"
        }
      ],
      "cateredFlag": false
    },
    {
      "productId": "5011102-EA-000",
      "brand": "Wet Ones",
      "name": "Be Gentle Sensitive Wet Wipes",
      "displayName": "15pk",
      "availability": [
        "IN_STORE",
        "ONLINE"
      ],
      "saleType": "UNITS",
      "restrictedFlag": false,
      "liquorFlag": false,
      "tobaccoFlag": false,
      "originRegulated": false,
      "singlePrice": {
        "price": 189,
        "promoId": "128879137",
        "comparativePrice": {
          "pricePerUnit": 13,
          "unitQuantity": 1,
          "unitQuantityUom": "ea",
          "measureDescription": "ea"
        }
      },
      "promotions": [
        {
          "promoId": "128879137",
          "rewardValue": 189,
          "decal": "6000",
          "sapType": "BASE",
          "rewardType": "NEW_PRICE",
          "threshold": 1,
          "limit": 0,
          "multiProducts": false,
          "cardDependencyFlag": false,
          "bestPromotion": true,
          "comparativePrice": {
            "pricePerUnit": 13,
            "unitQuantity": 1,
            "unitQuantityUom": "ea",
            "measureDescription": "ea"
          }
        }
      ],
      "categoryTrees": [
        {
          "level0": "Personal Care",
          "level1": "Beauty & Grooming",
          "level2": "Hand & Body Care"
        }
      ],
      "cateredFlag": false
    },
    {
      "productId": "5012585-EA-000",
      "brand": "Polident",
      "name": "Whitening Daily Cleanser For Dentures",
      "displayName": "36pk",
      "availability": [
        "IN_STORE",
        "ONLINE"
      ],
      "saleType": "UNITS",
      "restrictedFlag": false,
      "liquorFlag": false,
      "tobaccoFlag": false,
      "originRegulated": false,
      "singlePrice": {
        "price": 749,
        "promoId": "128929037",
        "comparativePrice": {
          "pricePerUnit": 21,
          "unitQuantity": 1,
          "unitQuantityUom": "ea",
          "measureDescription": "ea"
        }
      },
      "promotions": [
        {
          "promoId": "128929037",
          "rewardValue": 749,
          "decal": "6000",
          "sapType": "BASE",
          "rewardType": "NEW_PRICE",
          "threshold": 1,
          "limit": 0,
          "multiProducts": false,
          "cardDependencyFlag": false,
          "bestPromotion": true,
          "comparativePrice": {
            "pricePerUnit": 21,
            "unitQuantity": 1,
            "unitQuantityUom": "ea",
            "measureDescription": "ea"
          }
        }
      ],
      "facets": [
        {
          "itemCode": "00020012",
          "itemDescription": "Non-GMO"
        }
      ],
      "categoryTrees": [
        {
          "level0": "Personal Care",
          "level1": "Beauty & Grooming",
          "level2": "Oral Health"
        }
      ],
      "cateredFlag": false
    },
    {
      "productId": "5026438-EA-000",
      "brand": "Savlon",
      "name": "Wound Cleansing Cream Antiseptic",
      "displayName": "75g",
      "availability": [
        "IN_STORE",
        "ONLINE"
      ],
      "saleType": "UNITS",
      "restrictedFlag": false,
      "liquorFlag": false,
      "tobaccoFlag": false,
      "originRegulated": false,
      "singlePrice": {
        "price": 939,
        "comparativePrice": {
          "pricePerUnit": 1252,
          "unitQuantity": 100,
          "unitQuantityUom": "g",
          "measureDescription": "100g"
        }
      },
      "categoryTrees": [
        {
          "level0": "Personal Care",
          "level1": "Health & Wellness",
          "level2": "First Aid"
        }
      ],
      "cateredFlag": false
    },
    {
      "productId": "5257272-EA-000",
      "brand": "Schick",
      "name": "Quattro 4 Titanium Razor + 5 Cartridges",
      "displayName": "1pk",
      "availability": [
        "IN_STORE",
        "ONLINE"
      ],
      "saleType": "UNITS",
      "restrictedFlag": false,
      "liquorFlag": false,
      "tobaccoFlag": false,
      "originRegulated": false,
      "singlePrice": {
        "price": 1339
      },
      "categoryTrees": [
        {
          "level0": "Personal Care",
          "level1": "Beauty & Grooming",
          "level2": "Shaving & Hair Removal"
        }
      ],
      "cateredFlag": false
    },
    {
      "productId": "5011885-EA-000",
      "brand": "Colgate",
      "name": "Max White Medium Polishing Star Toothbrush",
      "displayName": "1pk",
      "availability": [
        "IN_STORE",
        "ONLINE"
      ],
      "saleType": "UNITS",
      "restrictedFlag": false,
      "liquorFlag": false,
      "tobaccoFlag": false,
      "originRegulated": false,
      "singlePrice": {
        "price": 449,
        "promoId": "128943675"
      },
      "promotions": [
        {
          "promoId": "128943675",
          "rewardValue": 449,
          "decal": "6000",
          "sapType": "BASE",
          "rewardType": "NEW_PRICE",
          "threshold": 1,
          "limit": 0,
          "multiProducts": false,
          "cardDependencyFlag": false,
          "bestPromotion": true
        }
      ],
      "categoryTrees": [
        {
          "level0": "Personal Care",
          "level1": "Beauty & Grooming",
          "level2": "Oral Health"
        }
      ],
      "cateredFlag": false
    },
    {
      "productId": "5285871-EA-000",
      "brand": "L'Oreal Paris",
      "name": "Elvive Dream Lengths Super Detangling Conditioner",
      "displayName": "300ml",
      "availability": [
        "IN_STORE",
        "ONLINE"
      ],
      "saleType": "UNITS",
      "restrictedFlag": false,
      "liquorFlag": false,
      "tobaccoFlag": false,
      "originRegulated": false,
      "singlePrice": {
        "price": 479,
        "promoId": "128941497",
        "comparativePrice": {
          "pricePerUnit": 160,
          "unitQuantity": 100,
          "unitQuantityUom": "ml",
          "measureDescription": "100ml"
        }
      },
      "promotions": [
        {
          "promoId": "128941497",
          "rewardValue": 479,
          "decal": "6000",
          "sapType": "BASE",
          "rewardType": "NEW_PRICE",
          "threshold": 1,
          "limit": 0,
          "multiProducts": false,
          "cardDependencyFlag": false,
          "bestPromotion": true,
          "comparativePrice": {
            "pricePerUnit": 160,
            "unitQuantity": 100,
            "unitQuantityUom": "ml",
            "measureDescription": "100ml"
          }
        }
      ],
      "categoryTrees": [
        {
          "level0": "Personal Care",
          "level1": "Beauty & Grooming",
          "level2": "Hair Care & Treatments"
        }
      ],
      "cateredFlag": false
    },
    {
      "productId": "5277707-EA-000",
      "brand": "Gillette",
      "name": "Sensitive Shave Foam",
      "displayName": "333g",
      "availability": [
        "IN_STORE",
        "ONLINE"
      ],
      "saleType": "UNITS",
      "restrictedFlag": false,
      "liquorFlag": false,
      "tobaccoFlag": false,
      "originRegulated": false,
      "singlePrice": {
        "price": 739,
        "comparativePrice": {
          "pricePerUnit": 222,
          "unitQuantity": 100,
          "unitQuantityUom": "g",
          "measureDescription": "100g"
        }
      },
      "categoryTrees": [
        {
          "level0": "Personal Care",
          "level1": "Beauty & Grooming",
          "level2": "Shaving & Hair Removal"
        }
      ],
      "cateredFlag": false
    },
    {
      "productId": "5013972-EA-000",
      "brand": "Oral-B",
      "name": "Precision Clean Replacement Brush Heads",
      "displayName": "3pk",
      "availability": [
        "IN_STORE",
        "ONLINE"
      ],
      "saleType": "UNITS",
      "restrictedFlag": false,
      "liquorFlag": false,
      "tobaccoFlag": false,
      "originRegulated": false,
      "singlePrice": {
        "price": 1899,
        "promoId": "128942760",
        "comparativePrice": {
          "pricePerUnit": 633,
          "unitQuantity": 1,
          "unitQuantityUom": "ea",
          "measureDescription": "ea"
        }
      },
      "promotions": [
        {
          "promoId": "128942760",
          "rewardValue": 1899,
          "decal": "6000",
          "sapType": "BASE",
          "rewardType": "NEW_PRICE",
          "threshold": 1,
          "limit": 0,
          "multiProducts": false,
          "cardDependencyFlag": false,
          "bestPromotion": true,
          "comparativePrice": {
            "pricePerUnit": 633,
            "unitQuantity": 1,
            "unitQuantityUom": "ea",
            "measureDescription": "ea"
          }
        }
      ],
      "categoryTrees": [
        {
          "level0": "Personal Care",
          "level1": "Beauty & Grooming",
          "level2": "Oral Health"
        }
      ],
      "cateredFlag": false
    },
    {
      "productId": "5001789-EA-000",
      "brand": "Mentholatum Deep Heat",
      "name": "Regular Relief Cream",
      "displayName": "100g",
      "availability": [
        "IN_STORE",
        "ONLINE"
      ],
      "saleType": "UNITS",
      "restrictedFlag": false,
      "liquorFlag": false,
      "tobaccoFlag": false,
      "originRegulated": false,
      "singlePrice": {
        "price": 999,
        "promoId": "128959771",
        "comparativePrice": {
          "pricePerUnit": 999,
          "unitQuantity": 100,
          "unitQuantityUom": "g",
          "measureDescription": "100g"
        }
      },
      "promotions": [
        {
          "promoId": "128959771",
          "rewardValue": 999,
          "decal": "6000",
          "sapType": "BASE",
          "rewardType": "NEW_PRICE",
          "threshold": 1,
          "limit": 0,
          "multiProducts": false,
          "cardDependencyFlag": false,
          "bestPromotion": true,
          "comparativePrice": {
            "pricePerUnit": 999,
            "unitQuantity": 100,
            "unitQuantityUom": "g",
            "measureDescription": "100g"
          }
        }
      ],
      "categoryTrees": [
        {
          "level0": "Personal Care",
          "level1": "Health & Wellness",
          "level2": "Pain Relief"
        }
      ],
      "cateredFlag": false
    },
    {
      "productId": "5011518-EA-000",
      "brand": "Selsun",
      "name": "Anti-Dandruff  Replenishing Shampoo",
      "displayName": "200ml",
      "availability": [
        "IN_STORE",
        "ONLINE"
      ],
      "saleType": "UNITS",
      "restrictedFlag": false,
      "liquorFlag": false,
      "tobaccoFlag": false,
      "originRegulated": false,
      "singlePrice": {
        "price": 799,
        "promoId": "128928726",
        "comparativePrice": {
          "pricePerUnit": 400,
          "unitQuantity": 100,
          "unitQuantityUom": "ml",
          "measureDescription": "100ml"
        }
      },
      "promotions": [
        {
          "promoId": "128928726",
          "rewardValue": 799,
          "decal": "6000",
          "sapType": "BASE",
          "rewardType": "NEW_PRICE",
          "threshold": 1,
          "limit": 0,
          "multiProducts": false,
          "cardDependencyFlag": false,
          "bestPromotion": true,
          "comparativePrice": {
            "pricePerUnit": 400,
            "unitQuantity": 100,
            "unitQuantityUom": "ml",
            "measureDescription": "100ml"
          }
        }
      ],
      "categoryTrees": [
        {
          "level0": "Personal Care",
          "level1": "Beauty & Grooming",
          "level2": "Hair Care & Treatments"
        }
      ],
      "cateredFlag": false
    },
    {
      "productId": "5005024-EA-000",
      "brand": "Pams",
      "name": "Wound Pads",
      "displayName": "10pk",
      "availability": [
        "IN_STORE",
        "ONLINE"
      ],
      "saleType": "UNITS",
      "restrictedFlag": false,
      "liquorFlag": false,
      "tobaccoFlag": false,
      "originRegulated": false,
      "singlePrice": {
        "price": 299,
        "comparativePrice": {
          "pricePerUnit": 30,
          "unitQuantity": 1,
          "unitQuantityUom": "ea",
          "measureDescription": "ea"
        }
      },
      "facets": [
        {
          "itemCode": "00020012",
          "itemDescription": "Non-GMO"
        }
      ],
      "categoryTrees": [
        {
          "level0": "Personal Care",
          "level1": "Health & Wellness",
          "level2": "First Aid"
        },
        {
          "level0": "Featured",
          "level1": "Pams",
          "level2": "Health & Wellness"
        }
      ],
      "cateredFlag": false
    },
    {
      "productId": "5224999-EA-000",
      "brand": "Value",
      "name": "Twin Blade Disposable Razors",
      "displayName": "12pk",
      "availability": [
        "IN_STORE",
        "ONLINE"
      ],
      "saleType": "UNITS",
      "restrictedFlag": false,
      "liquorFlag": false,
      "tobaccoFlag": false,
      "originRegulated": false,
      "singlePrice": {
        "price": 309,
        "comparativePrice": {
          "pricePerUnit": 26,
          "unitQuantity": 1,
          "unitQuantityUom": "ea",
          "measureDescription": "ea"
        }
      },
      "facets": [
        {
          "itemCode": "00020012",
          "itemDescription": "Non-GMO"
        }
      ],
      "categoryTrees": [
        {
          "level0": "Personal Care",
          "level1": "Beauty & Grooming",
          "level2": "Shaving & Hair Removal"
        }
      ],
      "cateredFlag": false
    },
    {
      "productId": "5089216-EA-000",
      "brand": "Colgate",
      "name": "Optic White Luminous High Impact Toothpaste",
      "displayName": "85g",
      "availability": [
        "IN_STORE",
        "ONLINE"
      ],
      "saleType": "UNITS",
      "restrictedFlag": false,
      "liquorFlag": false,
      "tobaccoFlag": false,
      "originRegulated": false,
      "singlePrice": {
        "price": 1219,
        "comparativePrice": {
          "pricePerUnit": 1434,
          "unitQuantity": 100,
          "unitQuantityUom": "g",
          "measureDescription": "100g"
        }
      },
      "facets": [
        {
          "itemCode": "00020011",
          "itemDescription": "Low Sugar"
        },
        {
          "itemCode": "00020004",
          "itemDescription": "Gluten Free"
        },
        {
          "itemCode": "00020013",
          "itemDescription": "Vegan"
        }
      ],
      "categoryTrees": [
        {
          "level0": "Personal Care",
          "level1": "Beauty & Grooming",
          "level2": "Oral Health"
        }
      ],
      "cateredFlag": false
    },
    {
      "productId": "5285874-EA-000",
      "brand": "L'Oreal Paris",
      "name": "Elvive Dream Lengths Restoring Shampoo",
      "displayName": "300ml",
      "availability": [
        "IN_STORE",
        "ONLINE"
      ],
      "saleType": "UNITS",
      "restrictedFlag": false,
      "liquorFlag": false,
      "tobaccoFlag": false,
      "originRegulated": false,
      "singlePrice": {
        "price": 479,
        "promoId": "128941497",
        "comparativePrice": {
          "pricePerUnit": 160,
          "unitQuantity": 100,
          "unitQuantityUom": "ml",
          "measureDescription": "100ml"
        }
      },
      "promotions": [
        {
          "promoId": "128941497",
          "rewardValue": 479,
          "decal": "6000",
          "sapType": "BASE",
          "rewardType": "NEW_PRICE",
          "threshold": 1,
          "limit": 0,
          "multiProducts": false,
          "cardDependencyFlag": false,
          "bestPromotion": true,
          "comparativePrice": {
            "pricePerUnit": 160,
            "unitQuantity": 100,
            "unitQuantityUom": "ml",
            "measureDescription": "100ml"
          }
        }
      ],
      "categoryTrees": [
        {
          "level0": "Personal Care",
          "level1": "Beauty & Grooming",
          "level2": "Hair Care & Treatments"
        }
      ],
      "cateredFlag": false
    },
    {
      "productId": "5031359-EA-000",
      "brand": "Poise",
      "name": "Super Pads",
      "displayName": "28pk",
      "availability": [
        "IN_STORE",
        "ONLINE"
      ],
      "saleType": "UNITS",
      "restrictedFlag": false,
      "liquorFlag": false,
      "tobaccoFlag": false,
      "originRegulated": false,
      "singlePrice": {
        "price": 1639,
        "comparativePrice": {
          "pricePerUnit": 59,
          "unitQuantity": 1,
          "unitQuantityUom": "ea",
          "measureDescription": "ea"
        }
      },
      "categoryTrees": [
        {
          "level0": "Personal Care",
          "level1": "Health & Wellness",
          "level2": "Adult Care"
        }
      ],
      "cateredFlag": false
    },
    {
      "productId": "5008038-EA-000",
      "brand": "Schick",
      "name": "Exacta 2 Sensitive Disposable Razors",
      "displayName": "5pk",
      "availability": [
        "IN_STORE",
        "ONLINE"
      ],
      "saleType": "UNITS",
      "restrictedFlag": false,
      "liquorFlag": false,
      "tobaccoFlag": false,
      "originRegulated": false,
      "singlePrice": {
        "price": 449,
        "comparativePrice": {
          "pricePerUnit": 90,
          "unitQuantity": 1,
          "unitQuantityUom": "ea",
          "measureDescription": "ea"
        }
      },
      "categoryTrees": [
        {
          "level0": "Personal Care",
          "level1": "Beauty & Grooming",
          "level2": "Shaving & Hair Removal"
        }
      ],
      "cateredFlag": false
    },
    {
      "productId": "5240610-EA-000",
      "brand": "Garnier",
      "name": "Fructis Normal Strength & Shine Fortifying Shampoo",
      "displayName": "315ml",
      "availability": [
        "IN_STORE",
        "ONLINE"
      ],
      "saleType": "UNITS",
      "restrictedFlag": false,
      "liquorFlag": false,
      "tobaccoFlag": false,
      "originRegulated": false,
      "singlePrice": {
        "price": 699,
        "comparativePrice": {
          "pricePerUnit": 222,
          "unitQuantity": 100,
          "unitQuantityUom": "ml",
          "measureDescription": "100ml"
        }
      },
      "categoryTrees": [
        {
          "level0": "Personal Care",
          "level1": "Beauty & Grooming",
          "level2": "Hair Care & Treatments"
        }
      ],
      "cateredFlag": false
    },
    {
      "productId": "5035352-EA-000",
      "brand": "Palmolive Naturals",
      "name": "Active Aloe Nourishment Conditioner",
      "displayName": "700ml",
      "availability": [
        "IN_STORE",
        "ONLINE"
      ],
      "saleType": "UNITS",
      "restrictedFlag": false,
      "liquorFlag": false,
      "tobaccoFlag": false,
      "originRegulated": false,
      "singlePrice": {
        "price": 799,
        "promoId": "128943710",
        "comparativePrice": {
          "pricePerUnit": 114,
          "unitQuantity": 100,
          "unitQuantityUom": "ml",
          "measureDescription": "100ml"
        }
      },
      "promotions": [
        {
          "promoId": "128943710",
          "rewardValue": 799,
          "decal": "6000",
          "sapType": "BASE",
          "rewardType": "NEW_PRICE",
          "threshold": 1,
          "limit": 0,
          "multiProducts": false,
          "cardDependencyFlag": false,
          "bestPromotion": true,
          "comparativePrice": {
            "pricePerUnit": 114,
            "unitQuantity": 100,
            "unitQuantityUom": "ml",
            "measureDescription": "100ml"
          }
        }
      ],
      "facets": [
        {
          "itemCode": "00020004",
          "itemDescription": "Gluten Free"
        }
      ],
      "categoryTrees": [
        {
          "level0": "Personal Care",
          "level1": "Beauty & Grooming",
          "level2": "Hair Care & Treatments"
        }
      ],
      "cateredFlag": false
    },
    {
      "productId": "5253428-EA-000",
      "brand": "Head & Shoulders",
      "name": "Deep Clean Ultra Men 2n1 Shampoo & Conditioner",
      "displayName": "400ml",
      "availability": [
        "IN_STORE",
        "ONLINE"
      ],
      "saleType": "UNITS",
      "restrictedFlag": false,
      "liquorFlag": false,
      "tobaccoFlag": false,
      "originRegulated": false,
      "singlePrice": {
        "price": 1099,
        "promoId": "128901309",
        "comparativePrice": {
          "pricePerUnit": 275,
          "unitQuantity": 100,
          "unitQuantityUom": "ml",
          "measureDescription": "100ml"
        }
      },
      "promotions": [
        {
          "promoId": "128901309",
          "rewardValue": 1099,
          "decal": "6000",
          "sapType": "BASE",
          "rewardType": "NEW_PRICE",
          "threshold": 1,
          "limit": 0,
          "multiProducts": false,
          "cardDependencyFlag": false,
          "bestPromotion": true,
          "comparativePrice": {
            "pricePerUnit": 275,
            "unitQuantity": 100,
            "unitQuantityUom": "ml",
            "measureDescription": "100ml"
          }
        }
      ],
      "categoryTrees": [
        {
          "level0": "Personal Care",
          "level1": "Beauty & Grooming",
          "level2": "Hair Care & Treatments"
        }
      ],
      "cateredFlag": false
    },
    {
      "productId": "5008725-EA-000",
      "brand": "Nivea Men",
      "name": "Sensitive Shaving Foam",
      "displayName": "200ml",
      "availability": [
        "IN_STORE",
        "ONLINE"
      ],
      "saleType": "UNITS",
      "restrictedFlag": false,
      "liquorFlag": false,
      "tobaccoFlag": false,
      "originRegulated": false,
      "singlePrice": {
        "price": 869,
        "comparativePrice": {
          "pricePerUnit": 435,
          "unitQuantity": 100,
          "unitQuantityUom": "ml",
          "measureDescription": "100ml"
        }
      },
      "categoryTrees": [
        {
          "level0": "Personal Care",
          "level1": "Beauty & Grooming",
          "level2": "Shaving & Hair Removal"
        }
      ],
      "cateredFlag": false
    },
    {
      "productId": "5026332-EA-000",
      "brand": "Listerine",
      "name": "Total Care Teeth Defence Antibacterial Mouthwash",
      "displayName": "500ml",
      "availability": [
        "IN_STORE",
        "ONLINE"
      ],
      "saleType": "UNITS",
      "restrictedFlag": false,
      "liquorFlag": false,
      "tobaccoFlag": false,
      "originRegulated": false,
      "singlePrice": {
        "price": 899,
        "promoId": "128887905",
        "comparativePrice": {
          "pricePerUnit": 180,
          "unitQuantity": 100,
          "unitQuantityUom": "ml",
          "measureDescription": "100ml"
        }
      },
      "promotions": [
        {
          "promoId": "128887905",
          "rewardValue": 899,
          "decal": "6000",
          "sapType": "BASE",
          "rewardType": "NEW_PRICE",
          "threshold": 1,
          "limit": 0,
          "multiProducts": false,
          "cardDependencyFlag": false,
          "bestPromotion": true,
          "comparativePrice": {
            "pricePerUnit": 180,
            "unitQuantity": 100,
            "unitQuantityUom": "ml",
            "measureDescription": "100ml"
          }
        }
      ],
      "facets": [
        {
          "itemCode": "00020012",
          "itemDescription": "Non-GMO"
        }
      ],
      "categoryTrees": [
        {
          "level0": "Personal Care",
          "level1": "Beauty & Grooming",
          "level2": "Oral Health"
        }
      ],
      "cateredFlag": false
    },
    {
      "productId": "5000976-EA-000",
      "brand": "Vicks",
      "name": "Nasal Decongestant Inhaler ",
      "displayName": "ea",
      "availability": [
        "IN_STORE",
        "ONLINE"
      ],
      "saleType": "UNITS",
      "restrictedFlag": false,
      "liquorFlag": false,
      "tobaccoFlag": false,
      "originRegulated": false,
      "singlePrice": {
        "price": 759,
        "promoId": "128942842",
        "comparativePrice": {
          "pricePerUnit": 151800,
          "unitQuantity": 100,
          "unitQuantityUom": "ml",
          "measureDescription": "100ml"
        }
      },
      "promotions": [
        {
          "promoId": "128942842",
          "rewardValue": 759,
          "decal": "6000",
          "sapType": "BASE",
          "rewardType": "NEW_PRICE",
          "threshold": 1,
          "limit": 0,
          "multiProducts": false,
          "cardDependencyFlag": false,
          "bestPromotion": true,
          "comparativePrice": {
            "pricePerUnit": 151800,
            "unitQuantity": 100,
            "unitQuantityUom": "ml",
            "measureDescription": "100ml"
          }
        }
      ],
      "categoryTrees": [
        {
          "level0": "Personal Care",
          "level1": "Health & Wellness",
          "level2": "Cough, Cold & Flu"
        }
      ],
      "cateredFlag": false
    },
    {
      "productId": "5026211-EA-000",
      "brand": "Olay",
      "name": "Moisturising Cream",
      "displayName": "100g",
      "availability": [
        "IN_STORE",
        "ONLINE"
      ],
      "saleType": "UNITS",
      "restrictedFlag": false,
      "liquorFlag": false,
      "tobaccoFlag": false,
      "originRegulated": false,
      "singlePrice": {
        "price": 899,
        "promoId": "128928636",
        "comparativePrice": {
          "pricePerUnit": 899,
          "unitQuantity": 100,
          "unitQuantityUom": "g",
          "measureDescription": "100g"
        }
      },
      "promotions": [
        {
          "promoId": "128928636",
          "rewardValue": 899,
          "decal": "6000",
          "sapType": "BASE",
          "rewardType": "NEW_PRICE",
          "threshold": 1,
          "limit": 0,
          "multiProducts": false,
          "cardDependencyFlag": false,
          "bestPromotion": true,
          "comparativePrice": {
            "pricePerUnit": 899,
            "unitQuantity": 100,
            "unitQuantityUom": "g",
            "measureDescription": "100g"
          }
        }
      ],
      "categoryTrees": [
        {
          "level0": "Personal Care",
          "level1": "Beauty & Grooming",
          "level2": "Face & Lip Skin Care"
        }
      ],
      "cateredFlag": false
    },
    {
      "productId": "5216787-EA-000",
      "brand": "Value",
      "name": "Body Wash",
      "displayName": "1l",
      "availability": [
        "IN_STORE",
        "ONLINE"
      ],
      "saleType": "UNITS",
      "restrictedFlag": false,
      "liquorFlag": false,
      "tobaccoFlag": false,
      "originRegulated": false,
      "singlePrice": {
        "price": 529,
        "comparativePrice": {
          "pricePerUnit": 53,
          "unitQuantity": 100,
          "unitQuantityUom": "ml",
          "measureDescription": "100ml"
        }
      },
      "facets": [
        {
          "itemCode": "00020012",
          "itemDescription": "Non-GMO"
        }
      ],
      "categoryTrees": [
        {
          "level0": "Personal Care",
          "level1": "Beauty & Grooming",
          "level2": "Hand & Body Care"
        }
      ],
      "cateredFlag": false
    },
    {
      "productId": "5084603-EA-000",
      "brand": "Napro Palette",
      "name": "Intensive Medium Brown 4-0 Hair Colour",
      "displayName": "ea",
      "availability": [
        "IN_STORE",
        "ONLINE"
      ],
      "saleType": "UNITS",
      "restrictedFlag": false,
      "liquorFlag": false,
      "tobaccoFlag": false,
      "originRegulated": false,
      "singlePrice": {
        "price": 889,
        "comparativePrice": {
          "pricePerUnit": 773,
          "unitQuantity": 100,
          "unitQuantityUom": "ml",
          "measureDescription": "100ml"
        }
      },
      "categoryTrees": [
        {
          "level0": "Personal Care",
          "level1": "Beauty & Grooming",
          "level2": "Hair Colouring"
        }
      ],
      "cateredFlag": false
    },
    {
      "productId": "5229081-EA-000",
      "brand": "Nivea",
      "name": "Cocoa & Indulging Body Lotion",
      "displayName": "400ml",
      "availability": [
        "IN_STORE",
        "ONLINE"
      ],
      "saleType": "UNITS",
      "restrictedFlag": false,
      "liquorFlag": false,
      "tobaccoFlag": false,
      "originRegulated": false,
      "singlePrice": {
        "price": 999,
        "comparativePrice": {
          "pricePerUnit": 250,
          "unitQuantity": 100,
          "unitQuantityUom": "ml",
          "measureDescription": "100ml"
        }
      },
      "categoryTrees": [
        {
          "level0": "Personal Care",
          "level1": "Beauty & Grooming",
          "level2": "Hand & Body Care"
        }
      ],
      "cateredFlag": false
    },
    {
      "productId": "5091390-EA-000",
      "brand": "Pantene Pro-V",
      "name": "Smooth & Sleek Shampoo",
      "displayName": "900ml",
      "availability": [
        "IN_STORE",
        "ONLINE"
      ],
      "saleType": "UNITS",
      "restrictedFlag": false,
      "liquorFlag": false,
      "tobaccoFlag": false,
      "originRegulated": false,
      "singlePrice": {
        "price": 1879,
        "comparativePrice": {
          "pricePerUnit": 209,
          "unitQuantity": 100,
          "unitQuantityUom": "ml",
          "measureDescription": "100ml"
        }
      },
      "categoryTrees": [
        {
          "level0": "Personal Care",
          "level1": "Beauty & Grooming",
          "level2": "Hair Care & Treatments"
        }
      ],
      "cateredFlag": false
    },
    {
      "productId": "5034185-EA-000",
      "brand": "Colgate",
      "name": "Optic White Teeth Whitening Fresh Mint Mouthwash",
      "displayName": "500ml",
      "availability": [
        "IN_STORE",
        "ONLINE"
      ],
      "saleType": "UNITS",
      "restrictedFlag": false,
      "liquorFlag": false,
      "tobaccoFlag": false,
      "originRegulated": false,
      "singlePrice": {
        "price": 839,
        "comparativePrice": {
          "pricePerUnit": 168,
          "unitQuantity": 100,
          "unitQuantityUom": "ml",
          "measureDescription": "100ml"
        }
      },
      "categoryTrees": [
        {
          "level0": "Personal Care",
          "level1": "Beauty & Grooming",
          "level2": "Oral Health"
        }
      ],
      "cateredFlag": false
    },
    {
      "productId": "5014822-EA-000",
      "brand": "Listerine",
      "name": "Total Care Clean Mint Mouthwash",
      "displayName": "1l",
      "availability": [
        "IN_STORE",
        "ONLINE"
      ],
      "saleType": "UNITS",
      "restrictedFlag": false,
      "liquorFlag": false,
      "tobaccoFlag": false,
      "originRegulated": false,
      "singlePrice": {
        "price": 1599,
        "comparativePrice": {
          "pricePerUnit": 160,
          "unitQuantity": 100,
          "unitQuantityUom": "ml",
          "measureDescription": "100ml"
        }
      },
      "facets": [
        {
          "itemCode": "00020012",
          "itemDescription": "Non-GMO"
        }
      ],
      "categoryTrees": [
        {
          "level0": "Personal Care",
          "level1": "Beauty & Grooming",
          "level2": "Oral Health"
        }
      ],
      "cateredFlag": false
    },
    {
      "productId": "5288441-EA-000",
      "brand": "Schick",
      "name": "Hydro Sensitive Shave Gel",
      "displayName": "198g",
      "availability": [
        "IN_STORE",
        "ONLINE"
      ],
      "saleType": "UNITS",
      "restrictedFlag": false,
      "liquorFlag": false,
      "tobaccoFlag": false,
      "originRegulated": false,
      "singlePrice": {
        "price": 719,
        "comparativePrice": {
          "pricePerUnit": 363,
          "unitQuantity": 100,
          "unitQuantityUom": "g",
          "measureDescription": "100g"
        }
      },
      "categoryTrees": [
        {
          "level0": "Personal Care",
          "level1": "Beauty & Grooming",
          "level2": "Shaving & Hair Removal"
        }
      ],
      "cateredFlag": false
    },
    {
      "productId": "5213284-EA-000",
      "brand": "Sunsilk",
      "name": "Defeat Damage Shampoo",
      "displayName": "700ml",
      "availability": [
        "IN_STORE",
        "ONLINE"
      ],
      "saleType": "UNITS",
      "restrictedFlag": false,
      "liquorFlag": false,
      "tobaccoFlag": false,
      "originRegulated": false,
      "singlePrice": {
        "price": 1389,
        "comparativePrice": {
          "pricePerUnit": 198,
          "unitQuantity": 100,
          "unitQuantityUom": "ml",
          "measureDescription": "100ml"
        }
      },
      "facets": [
        {
          "itemCode": "00020012",
          "itemDescription": "Non-GMO"
        }
      ],
      "categoryTrees": [
        {
          "level0": "Personal Care",
          "level1": "Beauty & Grooming",
          "level2": "Hair Care & Treatments"
        }
      ],
      "cateredFlag": false
    },
    {
      "productId": "5213281-EA-000",
      "brand": "Sunsilk",
      "name": "Defeat Damage Conditioner",
      "displayName": "700ml",
      "availability": [
        "IN_STORE",
        "ONLINE"
      ],
      "saleType": "UNITS",
      "restrictedFlag": false,
      "liquorFlag": false,
      "tobaccoFlag": false,
      "originRegulated": false,
      "singlePrice": {
        "price": 1389,
        "comparativePrice": {
          "pricePerUnit": 198,
          "unitQuantity": 100,
          "unitQuantityUom": "ml",
          "measureDescription": "100ml"
        }
      },
      "facets": [
        {
          "itemCode": "00020012",
          "itemDescription": "Non-GMO"
        }
      ],
      "categoryTrees": [
        {
          "level0": "Personal Care",
          "level1": "Beauty & Grooming",
          "level2": "Hair Care & Treatments"
        }
      ],
      "cateredFlag": false
    },
    {
      "productId": "5019015-EA-000",
      "brand": "Healtheries",
      "name": "Vitamin C 1000mg Orange Flavour Chewable Tablets",
      "displayName": "100pk",
      "availability": [
        "IN_STORE",
        "ONLINE"
      ],
      "saleType": "UNITS",
      "restrictedFlag": false,
      "liquorFlag": false,
      "tobaccoFlag": false,
      "originRegulated": false,
      "singlePrice": {
        "price": 1749,
        "promoId": "128943070",
        "comparativePrice": {
          "pricePerUnit": 1749,
          "unitQuantity": 100,
          "unitQuantityUom": " ",
          "measureDescription": "100"
        }
      },
      "promotions": [
        {
          "promoId": "128943070",
          "rewardValue": 1749,
          "decal": "6000",
          "sapType": "BASE",
          "rewardType": "NEW_PRICE",
          "threshold": 1,
          "limit": 0,
          "multiProducts": false,
          "cardDependencyFlag": false,
          "bestPromotion": true,
          "comparativePrice": {
            "pricePerUnit": 1749,
            "unitQuantity": 100,
            "unitQuantityUom": " ",
            "measureDescription": "100"
          }
        }
      ],
      "facets": [
        {
          "itemCode": "00020004",
          "itemDescription": "Gluten Free"
        }
      ],
      "categoryTrees": [
        {
          "level0": "Personal Care",
          "level1": "Health & Wellness",
          "level2": "Vitamins & Supplements"
        }
      ],
      "cateredFlag": false
    },
    {
      "productId": "5285188-EA-000",
      "brand": "Sunsilk",
      "name": "Clean & Fresh Shampoo",
      "displayName": "350ml",
      "availability": [
        "IN_STORE",
        "ONLINE"
      ],
      "saleType": "UNITS",
      "restrictedFlag": false,
      "liquorFlag": false,
      "tobaccoFlag": false,
      "originRegulated": false,
      "singlePrice": {
        "price": 675,
        "comparativePrice": {
          "pricePerUnit": 193,
          "unitQuantity": 100,
          "unitQuantityUom": "ml",
          "measureDescription": "100ml"
        }
      },
      "facets": [
        {
          "itemCode": "00020012",
          "itemDescription": "Non-GMO"
        }
      ],
      "categoryTrees": [
        {
          "level0": "Personal Care",
          "level1": "Beauty & Grooming",
          "level2": "Hair Care & Treatments"
        }
      ],
      "cateredFlag": false
    },
    {
      "productId": "5264458-EA-000",
      "brand": "Nivea",
      "name": "Aloe & Soothing Body Lotion",
      "displayName": "400ml",
      "availability": [
        "IN_STORE",
        "ONLINE"
      ],
      "saleType": "UNITS",
      "restrictedFlag": false,
      "liquorFlag": false,
      "tobaccoFlag": false,
      "originRegulated": false,
      "singlePrice": {
        "price": 999,
        "comparativePrice": {
          "pricePerUnit": 250,
          "unitQuantity": 100,
          "unitQuantityUom": "ml",
          "measureDescription": "100ml"
        }
      },
      "categoryTrees": [
        {
          "level0": "Personal Care",
          "level1": "Beauty & Grooming",
          "level2": "Hand & Body Care"
        }
      ],
      "cateredFlag": false
    },
    {
      "productId": "5230312-EA-000",
      "brand": "Herbal Essences",
      "name": "Bio: Renew Repair Argan Oil Of Morocco Shampoo",
      "displayName": "400ml",
      "availability": [
        "IN_STORE",
        "ONLINE"
      ],
      "saleType": "UNITS",
      "restrictedFlag": false,
      "liquorFlag": false,
      "tobaccoFlag": false,
      "originRegulated": false,
      "singlePrice": {
        "price": 799,
        "promoId": "128928656",
        "comparativePrice": {
          "pricePerUnit": 200,
          "unitQuantity": 100,
          "unitQuantityUom": "ml",
          "measureDescription": "100ml"
        }
      },
      "promotions": [
        {
          "promoId": "128928656",
          "rewardValue": 799,
          "decal": "6000",
          "sapType": "BASE",
          "rewardType": "NEW_PRICE",
          "threshold": 1,
          "limit": 0,
          "multiProducts": false,
          "cardDependencyFlag": false,
          "bestPromotion": true,
          "comparativePrice": {
            "pricePerUnit": 200,
            "unitQuantity": 100,
            "unitQuantityUom": "ml",
            "measureDescription": "100ml"
          }
        }
      ],
      "categoryTrees": [
        {
          "level0": "Personal Care",
          "level1": "Beauty & Grooming",
          "level2": "Hair Care & Treatments"
        }
      ],
      "cateredFlag": false
    },
    {
      "productId": "5018577-EA-000",
      "brand": "Tena",
      "name": "Maxi Night Pads",
      "displayName": "14pk",
      "availability": [
        "IN_STORE",
        "ONLINE"
      ],
      "saleType": "UNITS",
      "restrictedFlag": false,
      "liquorFlag": false,
      "tobaccoFlag": false,
      "originRegulated": false,
      "singlePrice": {
        "price": 1349,
        "promoId": "128901913",
        "comparativePrice": {
          "pricePerUnit": 96,
          "unitQuantity": 1,
          "unitQuantityUom": "ea",
          "measureDescription": "ea"
        }
      },
      "promotions": [
        {
          "promoId": "128901913",
          "rewardValue": 1349,
          "decal": "6000",
          "sapType": "BASE",
          "rewardType": "NEW_PRICE",
          "threshold": 1,
          "limit": 0,
          "multiProducts": false,
          "cardDependencyFlag": false,
          "bestPromotion": true,
          "comparativePrice": {
            "pricePerUnit": 96,
            "unitQuantity": 1,
            "unitQuantityUom": "ea",
            "measureDescription": "ea"
          }
        }
      ],
      "categoryTrees": [
        {
          "level0": "Personal Care",
          "level1": "Health & Wellness",
          "level2": "Adult Care"
        }
      ],
      "cateredFlag": false
    },
    {
      "productId": "5285187-EA-000",
      "brand": "Sunsilk",
      "name": "Clean & Fresh Conditioner",
      "displayName": "350ml",
      "availability": [
        "IN_STORE",
        "ONLINE"
      ],
      "saleType": "UNITS",
      "restrictedFlag": false,
      "liquorFlag": false,
      "tobaccoFlag": false,
      "originRegulated": false,
      "singlePrice": {
        "price": 675,
        "comparativePrice": {
          "pricePerUnit": 193,
          "unitQuantity": 100,
          "unitQuantityUom": "ml",
          "measureDescription": "100ml"
        }
      },
      "facets": [
        {
          "itemCode": "00020012",
          "itemDescription": "Non-GMO"
        }
      ],
      "categoryTrees": [
        {
          "level0": "Personal Care",
          "level1": "Beauty & Grooming",
          "level2": "Hair Care & Treatments"
        }
      ],
      "cateredFlag": false
    }
  ],
  "algoliaSearchResult": {
    "facets": {
      "brand": {
        "Healtheries": 70,
        "L'Oreal Paris": 65,
        "Nivea": 64,
        "Colgate": 62,
        "Garnier": 46,
        "Red Seal": 46,
        "Glow Lab": 39,
        "Musashi": 39,
        "Dove": 35,
        "Neutrogena": 34,
        "Korbond": 33,
        "North Head": 33,
        "Ecostore": 32,
        "Nivea Men": 31,
        "Dettol": 29,
        "Schick": 29,
        "Head & Shoulders": 28,
        "Gillette": 26,
        "Oral-B": 25,
        "Essano": 22,
        "Pams": 22,
        "Sunsilk": 20,
        "Olay": 19,
        "Carefree": 18,
        "OGX": 18,
        "Schwarzkopf Extra Care": 18,
        "Sensodyne": 18,
        "U By Kotex": 18,
        "Palmolive": 17,
        "Pantene Pro-V": 17,
        "Listerine": 15,
        "Tresemme": 15,
        "Elastoplast": 14,
        "Tena": 14,
        "Libra": 13,
        "Palmolive Naturals": 13,
        "Poise": 13,
        "Anihana": 12,
        "Berocca": 12,
        "Herbal Essences": 12,
        "Lynx": 12,
        "Nature's Way": 12,
        "Rexona": 12,
        "Pantene": 11,
        "Veet": 11,
        "Aveeno": 10,
        "Durex": 10,
        "Grin": 10,
        "Rexona Men": 10,
        "Value": 10,
        "Vicks": 10,
        "Atkins": 9,
        "Gaviscon": 9,
        "Nurofen": 9,
        "Quest": 9,
        "Centrum": 8,
        "Gillette Venus": 8,
        "Organic Care": 8,
        "Strepsils": 8,
        "Mouthfresh": 7,
        "Napro": 7,
        "Reach": 7,
        "Schwarzkopf Live": 7,
        "Vaseline": 7,
        "Horleys": 6,
        "Just For Men": 6,
        "Lemsip": 6,
        "Nourish": 6,
        "Panadol": 6,
        "Polident": 6,
        "Protex": 6,
        "Schwarzkopf Brilliance": 6,
        "Simply Silk": 6,
        "Stayfree": 6,
        "Tom Organic": 6,
        "Blistex": 5,
        "Codral": 5,
        "Dominate": 5,
        "Essano Rosehip": 5,
        "Marzena": 5,
        "Mitchum": 5,
        "Natures Way": 5,
        "Radox": 5,
        "Silk": 5,
        "Skyn": 5,
        "Tampax": 5,
        "Zealea": 5,
        "d3": 5,
        "Banana Boat": 4,
        "Barebells": 4,
        "Batiste": 4,
        "Bic": 4,
        "Brut": 4,
        "Cetaphil": 4,
        "Cool Charm": 4,
        "Depend": 4,
        "Em's Power Cookies": 4,
        "Ethics": 4,
        "Femfresh": 4,
        "Helena": 4
      },
      "category1NI": {
        "Beauty & Grooming": 1180,
        "Health & Wellness": 537,
        "Pams": 11,
        "Baby Care": 2,
        "Biscuits & Crackers": 2,
        "Snack Foods": 1
      },
      "onPromotion": {
        "21ecaaed-0749-4492-985e-4bb7ba43d59c": 717,
        "b92cc33f-b5a8-4b57-9b82-412946800020": 578,
        "e1925ea7-01bc-4358-ae7c-c6502da5ab12": 572,
        "3c5e3145-0767-4066-9349-6c0a1313acc5": 530,
        "92086ded-a55d-4241-a364-7d7ea91531b4": 530,
        "65defcf2-bc15-490e-a84f-1f13b769cd22": 526,
        "c0f80e87-16be-4488-9553-da437e8c6c2a": 525,
        "64eab5b1-8d79-45f4-94f1-02b8cf8b6202": 516,
        "c180a72d-5dbe-4403-b7c7-91655e505492": 512,
        "3404c253-577f-45ca-b301-c98312e46efb": 509,
        "48dd98cc-a757-4102-b15d-ea82b4b10571": 508,
        "8f0d70be-5cb7-464b-99cb-8b0130671895": 507,
        "714431ab-6e39-4df6-ac77-cfc5c1e25bc8": 506,
        "3bb30799-82ce-4648-8c02-5113228963ed": 500,
        "33d8d6fc-861a-45ff-9937-5ccdb55eaede": 493,
        "a7d09522-bee2-41e4-8fe0-0b82b7f342f5": 493,
        "c3f9e1a3-fc34-452d-af2e-95349e666ba4": 489,
        "b2e98a14-c8ca-401e-99ed-edf74570c6f6": 487,
        "15e6f441-5c1c-4d25-b4ec-1adf918c49c7": 480,
        "5f167936-79ae-4f6a-b9d2-74afe1bb096b": 478,
        "49037947-e450-49bf-ba1f-a94551c79a72": 475,
        "61dd754e-8525-4b9e-9e08-173389eea8a8": 473,
        "53989945-1a28-481d-a61c-d6f75f760ada": 469,
        "7d48a781-4f68-4c91-a908-8659e1b22f95": 468,
        "01a114de-149c-4f5f-80a1-90cc63f69c6e": 463,
        "5cf0392f-c187-4fc4-a463-eb269d2e8f45": 461,
        "6cda96e1-7d29-44a6-956b-3fcfdecc8184": 460,
        "90082979-fb9f-4305-9c72-83274fc438cc": 453,
        "715f0e22-95e0-45ce-af3a-07057209976e": 452,
        "c2204dae-579e-4b6b-9d42-2e13ceaa6031": 452,
        "1c388d5e-29ac-4956-b476-cb3431353d2e": 450,
        "b83029b6-5dd5-449e-8056-26f3943a4e18": 449,
        "b39562a4-2b72-43fe-b9ba-eda1d651ad0b": 447,
        "98ec3885-ac93-4fcb-807b-59c9055c52c4": 444,
        "529d66cc-60e3-432e-b8d1-efc9f2ec4919": 442,
        "6e6809dd-01bc-45c9-aab1-f01ccd8338b0": 442,
        "2ed73be8-936d-4f35-9398-75a707f40a7b": 438,
        "b29a98bd-749c-489c-9eef-6aa38e66a29b": 437,
        "be4c4780-218e-425a-a90f-63e21773572b": 433,
        "d6d39eea-889d-4e20-923c-55cab225cf7f": 433,
        "9cd8eb60-3222-4efc-bd7c-50e03e6a81a4": 430,
        "dbca5e00-f7f9-43ae-91de-031ad16f8a92": 428,
        "d8032da3-c1b9-456e-b626-41ce21f8c67b": 424,
        "3bfe040b-f0c9-45e0-949b-b9ad5a591d55": 423,
        "4fcc1c8e-cc5e-4675-ba25-5e56b579cf69": 414,
        "4a279605-eaa8-470d-bcd4-0a9e3c9ab43b": 411,
        "af385423-d0f1-41f0-9482-ffd10b745143": 404,
        "50b1216b-d066-4457-b88b-9bccf97bf6d3": 403,
        "d1cd1fdd-8767-46a6-a8d3-c3e0632c2dc8": 401,
        "8cd700ae-d96f-4761-bd7a-805d6b93536d": 398,
        "94ef1985-cab1-4b39-a2f3-230120f03c16": 364,
        "076e8177-943b-41fc-a885-ba3d28297acf": 360,
        "6c73764e-b8e6-4e55-ad37-f6a9d207da1f": 351,
        "60561e46-ece7-43a7-b142-9b14812586e4": 349,
        "3e82142c-78dc-46f3-82ec-28e65fcf84c9": 295
      },
      "productFacets": {
        "Non-GMO": 360,
        "Gluten Free": 114,
        "Vegan": 72,
        "Low Sugar": 53,
        "Organic": 30,
        "Dairy Free": 17,
        "Low Fat": 13,
        "Keto": 7,
        "Vegetarian": 7,
        "Halal": 5
      }
    }
  },
  "totalHits": 1000,
  "page": 8,
  "totalPages": 20,
  "hitsPerPage": 50
}
