{
  "tobaccoProducts": false,
  "products": [
    {
      "productId": "5023995-EA-000",
      "brand": "Nivea Men",
      "name": "Power Fresh Shower Gel",
      "displayName": "500ml",
      "availability": [
        "IN_STORE",
        "ONLINE"
      ],
      "saleType": "UNITS",
      "restrictedFlag": false,
      "liquorFlag": false,
      "tobaccoFlag": false,
      "originRegulated": false,
      "singlePrice": {
        "price": 889,
        "comparativePrice": {
          "pricePerUnit": 178,
          "unitQuantity": 100,
          "unitQuantityUom": "ml",
          "measureDescription": "100ml"
        }
      },
      "categoryTrees": [
        {
          "level0": "Personal Care",
          "level1": "Beauty & Grooming",
          "level2": "Hand & Body Care"
        }
      ],
      "cateredFlag": false
    },
    {
      "productId": "5285877-EA-000",
      "brand": "L'Oreal Paris",
      "name": "Elvive Colour-Protect Colour Protecting Shampoo",
      "displayName": "300ml",
      "availability": [
        "IN_STORE",
        "ONLINE"
      ],
      "saleType": "UNITS",
      "restrictedFlag": false,
      "liquorFlag": false,
      "tobaccoFlag": false,
      "originRegulated": false,
      "singlePrice": {
        "price": 479,
        "promoId": "128941497",
        "comparativePrice": {
          "pricePerUnit": 160,
          "unitQuantity": 100,
          "unitQuantityUom": "ml",
          "measureDescription": "100ml"
        }
      },
      "promotions": [
        {
          "promoId": "128941497",
          "rewardValue": 479,
          "decal": "6000",
          "sapType": "BASE",
          "rewardType": "NEW_PRICE",
          "threshold": 1,
          "limit": 0,
          "multiProducts": false,
          "cardDependencyFlag": false,
          "bestPromotion": true,
          "comparativePrice": {
            "pricePerUnit": 160,
            "unitQuantity": 100,
            "unitQuantityUom": "ml",
            "measureDescription": "100ml"
          }
        }
      ],
      "categoryTrees": [
        {
          "level0": "Personal Care",
          "level1": "Beauty & Grooming",
          "level2": "Hair Care & Treatments"
        }
      ],
      "cateredFlag": false
    },
    {
      "productId": "5012857-EA-000",
      "brand": "Aveeno",
      "name": "Fragrance Free Daily Moisturising Lotion",
      "displayName": "354ml",
      "availability": [
        "IN_STORE",
        "ONLINE"
      ],
      "saleType": "UNITS",
      "restrictedFlag": false,
      "liquorFlag": false,
      "tobaccoFlag": false,
      "originRegulated": false,
      "singlePrice": {
        "price": 999,
        "promoId": "128928753",
        "comparativePrice": {
          "pricePerUnit": 282,
          "unitQuantity": 100,
          "unitQuantityUom": "ml",
          "measureDescription": "100ml"
        }
      },
      "promotions": [
        {
          "promoId": "128928753",
          "rewardValue": 999,
          "decal": "6000",
          "sapType": "BASE",
          "rewardType": "NEW_PRICE",
          "threshold": 1,
          "limit": 0,
          "multiProducts": false,
          "cardDependencyFlag": false,
          "bestPromotion": true,
          "comparativePrice": {
            "pricePerUnit": 282,
            "unitQuantity": 100,
            "unitQuantityUom": "ml",
            "measureDescription": "100ml"
          }
        }
      ],
      "facets": [
        {
          "itemCode": "00020012",
          "itemDescription": "Non-GMO"
        }
      ],
      "categoryTrees": [
        {
          "level0": "Personal Care",
          "level1": "Beauty & Grooming",
          "level2": "Hand & Body Care"
        }
      ],
      "cateredFlag": false
    },
    {
      "productId": "5213590-EA-000",
      "brand": "Nourish",
      "name": "Rosehip and Almond Oil Soap",
      "displayName": "3 x 90g",
      "availability": [
        "IN_STORE",
        "ONLINE"
      ],
      "saleType": "UNITS",
      "restrictedFlag": false,
      "liquorFlag": false,
      "tobaccoFlag": false,
      "originRegulated": false,
      "singlePrice": {
        "price": 469,
        "promoId": "128943150",
        "comparativePrice": {
          "pricePerUnit": 174,
          "unitQuantity": 100,
          "unitQuantityUom": "g",
          "measureDescription": "100g"
        }
      },
      "promotions": [
        {
          "promoId": "128943150",
          "rewardValue": 469,
          "decal": "6000",
          "sapType": "BASE",
          "rewardType": "NEW_PRICE",
          "threshold": 1,
          "limit": 0,
          "multiProducts": false,
          "cardDependencyFlag": false,
          "bestPromotion": true,
          "comparativePrice": {
            "pricePerUnit": 174,
            "unitQuantity": 100,
            "unitQuantityUom": "g",
            "measureDescription": "100g"
          }
        }
      ],
      "categoryTrees": [
        {
          "level0": "Personal Care",
          "level1": "Beauty & Grooming",
          "level2": "Hand & Body Care"
        }
      ],
      "cateredFlag": false
    },
    {
      "productId": "5269654-EA-000",
      "brand": "Glow Lab",
      "name": "Lemongrass & Lime Lemongrass & Lime Hand Wash",
      "displayName": "300ml",
      "availability": [
        "IN_STORE",
        "ONLINE"
      ],
      "saleType": "UNITS",
      "restrictedFlag": false,
      "liquorFlag": false,
      "tobaccoFlag": false,
      "originRegulated": false,
      "singlePrice": {
        "price": 749,
        "comparativePrice": {
          "pricePerUnit": 250,
          "unitQuantity": 100,
          "unitQuantityUom": "ml",
          "measureDescription": "100ml"
        }
      },
      "categoryTrees": [
        {
          "level0": "Personal Care",
          "level1": "Beauty & Grooming",
          "level2": "Hand & Body Care"
        }
      ],
      "cateredFlag": false
    },
    {
      "productId": "5091391-EA-000",
      "brand": "Pantene Pro-V",
      "name": "Smooth & Sleek Conditioner",
      "displayName": "900ml",
      "availability": [
        "IN_STORE",
        "ONLINE"
      ],
      "saleType": "UNITS",
      "restrictedFlag": false,
      "liquorFlag": false,
      "tobaccoFlag": false,
      "originRegulated": false,
      "singlePrice": {
        "price": 1879,
        "comparativePrice": {
          "pricePerUnit": 209,
          "unitQuantity": 100,
          "unitQuantityUom": "ml",
          "measureDescription": "100ml"
        }
      },
      "categoryTrees": [
        {
          "level0": "Personal Care",
          "level1": "Beauty & Grooming",
          "level2": "Hair Care & Treatments"
        }
      ],
      "cateredFlag": false
    },
    {
      "productId": "5018188-EA-000",
      "brand": "Cussons",
      "name": "Imperial Leather Original Bar Soap",
      "displayName": "6 x 100g",
      "availability": [
        "IN_STORE",
        "ONLINE"
      ],
      "saleType": "UNITS",
      "restrictedFlag": false,
      "liquorFlag": false,
      "tobaccoFlag": false,
      "originRegulated": false,
      "singlePrice": {
        "price": 549,
        "promoId": "128901449",
        "comparativePrice": {
          "pricePerUnit": 92,
          "unitQuantity": 1,
          "unitQuantityUom": "ea",
          "measureDescription": "ea"
        }
      },
      "promotions": [
        {
          "promoId": "128901449",
          "rewardValue": 549,
          "decal": "6000",
          "sapType": "BASE",
          "rewardType": "NEW_PRICE",
          "threshold": 1,
          "limit": 0,
          "multiProducts": false,
          "cardDependencyFlag": false,
          "bestPromotion": true,
          "comparativePrice": {
            "pricePerUnit": 92,
            "unitQuantity": 1,
            "unitQuantityUom": "ea",
            "measureDescription": "ea"
          }
        }
      ],
      "facets": [
        {
          "itemCode": "00020012",
          "itemDescription": "Non-GMO"
        }
      ],
      "categoryTrees": [
        {
          "level0": "Personal Care",
          "level1": "Beauty & Grooming",
          "level2": "Hand & Body Care"
        }
      ],
      "cateredFlag": false
    },
    {
      "productId": "5011081-EA-000",
      "brand": "Napro",
      "name": "Palette Intensive Chocolate Brown 3-65 Hair Colour",
      "displayName": "115ml",
      "availability": [
        "IN_STORE",
        "ONLINE"
      ],
      "saleType": "UNITS",
      "restrictedFlag": false,
      "liquorFlag": false,
      "tobaccoFlag": false,
      "originRegulated": false,
      "singlePrice": {
        "price": 889,
        "comparativePrice": {
          "pricePerUnit": 773,
          "unitQuantity": 100,
          "unitQuantityUom": "ml",
          "measureDescription": "100ml"
        }
      },
      "categoryTrees": [
        {
          "level0": "Personal Care",
          "level1": "Beauty & Grooming",
          "level2": "Hair Colouring"
        }
      ],
      "cateredFlag": false
    },
    {
      "productId": "5287624-EA-000",
      "brand": "Head & Shoulders",
      "name": "Anti Dandruff Oil Control 2 in 1 Shampoo + Conditioner",
      "displayName": "350ml",
      "availability": [
        "IN_STORE",
        "ONLINE"
      ],
      "saleType": "UNITS",
      "restrictedFlag": false,
      "liquorFlag": false,
      "tobaccoFlag": false,
      "originRegulated": false,
      "singlePrice": {
        "price": 899,
        "promoId": "128901315",
        "comparativePrice": {
          "pricePerUnit": 257,
          "unitQuantity": 100,
          "unitQuantityUom": "ml",
          "measureDescription": "100ml"
        }
      },
      "promotions": [
        {
          "promoId": "128901315",
          "rewardValue": 899,
          "decal": "6000",
          "sapType": "BASE",
          "rewardType": "NEW_PRICE",
          "threshold": 1,
          "limit": 0,
          "multiProducts": false,
          "cardDependencyFlag": false,
          "bestPromotion": true,
          "comparativePrice": {
            "pricePerUnit": 257,
            "unitQuantity": 100,
            "unitQuantityUom": "ml",
            "measureDescription": "100ml"
          }
        }
      ],
      "categoryTrees": [
        {
          "level0": "Personal Care",
          "level1": "Beauty & Grooming",
          "level2": "Hair Care & Treatments"
        }
      ],
      "cateredFlag": false
    },
    {
      "productId": "5004849-EA-000",
      "brand": "Pams",
      "name": "Plastic Plaster Strips",
      "displayName": "50pk",
      "availability": [
        "IN_STORE",
        "ONLINE"
      ],
      "saleType": "UNITS",
      "restrictedFlag": false,
      "liquorFlag": false,
      "tobaccoFlag": false,
      "originRegulated": false,
      "singlePrice": {
        "price": 349,
        "comparativePrice": {
          "pricePerUnit": 698,
          "unitQuantity": 100,
          "unitQuantityUom": " ",
          "measureDescription": "100"
        }
      },
      "facets": [
        {
          "itemCode": "00020012",
          "itemDescription": "Non-GMO"
        }
      ],
      "categoryTrees": [
        {
          "level0": "Personal Care",
          "level1": "Health & Wellness",
          "level2": "First Aid"
        }
      ],
      "cateredFlag": false
    },
    {
      "productId": "5200213-EA-000",
      "brand": "Schick",
      "name": "Hydro Silk Sensitive Care Disposable Razor",
      "displayName": "1ea",
      "availability": [
        "IN_STORE",
        "ONLINE"
      ],
      "saleType": "UNITS",
      "restrictedFlag": false,
      "liquorFlag": false,
      "tobaccoFlag": false,
      "originRegulated": false,
      "singlePrice": {
        "price": 599,
        "promoId": "128928864"
      },
      "promotions": [
        {
          "promoId": "128928864",
          "rewardValue": 599,
          "decal": "6000",
          "sapType": "BASE",
          "rewardType": "NEW_PRICE",
          "threshold": 1,
          "limit": 0,
          "multiProducts": false,
          "cardDependencyFlag": false,
          "bestPromotion": true
        }
      ],
      "categoryTrees": [
        {
          "level0": "Personal Care",
          "level1": "Beauty & Grooming",
          "level2": "Shaving & Hair Removal"
        }
      ],
      "cateredFlag": false
    },
    {
      "productId": "5016786-EA-000",
      "brand": "Atkins",
      "name": "Endulge Low Carb Milk Chocolate Bar",
      "displayName": "30g",
      "availability": [
        "IN_STORE",
        "ONLINE"
      ],
      "saleType": "UNITS",
      "restrictedFlag": false,
      "liquorFlag": false,
      "tobaccoFlag": false,
      "originRegulated": false,
      "singlePrice": {
        "price": 219,
        "promoId": "128936589",
        "comparativePrice": {
          "pricePerUnit": 730,
          "unitQuantity": 100,
          "unitQuantityUom": "g",
          "measureDescription": "100g"
        }
      },
      "promotions": [
        {
          "promoId": "128936589",
          "rewardValue": 219,
          "decal": "6000",
          "sapType": "BASE",
          "rewardType": "NEW_PRICE",
          "threshold": 1,
          "limit": 0,
          "multiProducts": false,
          "cardDependencyFlag": false,
          "bestPromotion": true,
          "comparativePrice": {
            "pricePerUnit": 730,
            "unitQuantity": 100,
            "unitQuantityUom": "g",
            "measureDescription": "100g"
          }
        }
      ],
      "facets": [
        {
          "itemCode": "00020011",
          "itemDescription": "Low Sugar"
        }
      ],
      "categoryTrees": [
        {
          "level0": "Personal Care",
          "level1": "Health & Wellness",
          "level2": "Wellness & Sports Nutrition"
        }
      ],
      "cateredFlag": false
    },
    {
      "productId": "5004864-EA-000",
      "brand": "Pams",
      "name": "Clear Plastic Clear Strips",
      "displayName": "50pk",
      "availability": [
        "IN_STORE",
        "ONLINE"
      ],
      "saleType": "UNITS",
      "restrictedFlag": false,
      "liquorFlag": false,
      "tobaccoFlag": false,
      "originRegulated": false,
      "singlePrice": {
        "price": 349,
        "comparativePrice": {
          "pricePerUnit": 698,
          "unitQuantity": 100,
          "unitQuantityUom": " ",
          "measureDescription": "100"
        }
      },
      "facets": [
        {
          "itemCode": "00020012",
          "itemDescription": "Non-GMO"
        }
      ],
      "categoryTrees": [
        {
          "level0": "Personal Care",
          "level1": "Health & Wellness",
          "level2": "First Aid"
        },
        {
          "level0": "Featured",
          "level1": "Pams",
          "level2": "Health & Wellness"
        }
      ],
      "cateredFlag": false
    },
    {
      "productId": "5230313-EA-000",
      "brand": "Herbal Essences",
      "name": "Bio: Renew Argan Oil Of Morocco Conditioner",
      "displayName": "400ml",
      "availability": [
        "IN_STORE",
        "ONLINE"
      ],
      "saleType": "UNITS",
      "restrictedFlag": false,
      "liquorFlag": false,
      "tobaccoFlag": false,
      "originRegulated": false,
      "singlePrice": {
        "price": 799,
        "promoId": "128928656",
        "comparativePrice": {
          "pricePerUnit": 200,
          "unitQuantity": 100,
          "unitQuantityUom": "ml",
          "measureDescription": "100ml"
        }
      },
      "promotions": [
        {
          "promoId": "128928656",
          "rewardValue": 799,
          "decal": "6000",
          "sapType": "BASE",
          "rewardType": "NEW_PRICE",
          "threshold": 1,
          "limit": 0,
          "multiProducts": false,
          "cardDependencyFlag": false,
          "bestPromotion": true,
          "comparativePrice": {
            "pricePerUnit": 200,
            "unitQuantity": 100,
            "unitQuantityUom": "ml",
            "measureDescription": "100ml"
          }
        }
      ],
      "categoryTrees": [
        {
          "level0": "Personal Care",
          "level1": "Beauty & Grooming",
          "level2": "Hair Care & Treatments"
        }
      ],
      "cateredFlag": false
    },
    {
      "productId": "5233196-EA-000",
      "brand": "Colgate",
      "name": "Slim Soft Ultra Soft Toothbrush",
      "displayName": "2pk",
      "availability": [
        "IN_STORE",
        "ONLINE"
      ],
      "saleType": "UNITS",
      "restrictedFlag": false,
      "liquorFlag": false,
      "tobaccoFlag": false,
      "originRegulated": false,
      "singlePrice": {
        "price": 749,
        "promoId": "129012506",
        "comparativePrice": {
          "pricePerUnit": 375,
          "unitQuantity": 1,
          "unitQuantityUom": "ea",
          "measureDescription": "ea"
        }
      },
      "promotions": [
        {
          "promoId": "129012506",
          "rewardValue": 749,
          "decal": "6000",
          "sapType": "BASE",
          "rewardType": "NEW_PRICE",
          "threshold": 1,
          "limit": 0,
          "multiProducts": false,
          "cardDependencyFlag": false,
          "bestPromotion": true,
          "comparativePrice": {
            "pricePerUnit": 375,
            "unitQuantity": 1,
            "unitQuantityUom": "ea",
            "measureDescription": "ea"
          }
        }
      ],
      "categoryTrees": [
        {
          "level0": "Personal Care",
          "level1": "Beauty & Grooming",
          "level2": "Oral Health"
        }
      ],
      "cateredFlag": false
    },
    {
      "productId": "5010857-EA-000",
      "brand": "Strepsils",
      "name": "Orange Flavour Sore Throat Relief Lozenges",
      "displayName": "16pk",
      "availability": [
        "IN_STORE",
        "ONLINE"
      ],
      "saleType": "UNITS",
      "restrictedFlag": false,
      "liquorFlag": false,
      "tobaccoFlag": false,
      "originRegulated": false,
      "singlePrice": {
        "price": 799,
        "comparativePrice": {
          "pricePerUnit": 50,
          "unitQuantity": 1,
          "unitQuantityUom": "ea",
          "measureDescription": "ea"
        }
      },
      "categoryTrees": [
        {
          "level0": "Personal Care",
          "level1": "Health & Wellness",
          "level2": "Cough, Cold & Flu"
        }
      ],
      "cateredFlag": false
    },
    {
      "productId": "5019069-EA-000",
      "brand": "Tena",
      "name": "Mini Plus Long Length Pads",
      "displayName": "16pk",
      "availability": [
        "IN_STORE",
        "ONLINE"
      ],
      "saleType": "UNITS",
      "restrictedFlag": false,
      "liquorFlag": false,
      "tobaccoFlag": false,
      "originRegulated": false,
      "singlePrice": {
        "price": 899,
        "comparativePrice": {
          "pricePerUnit": 56,
          "unitQuantity": 1,
          "unitQuantityUom": "ea",
          "measureDescription": "ea"
        }
      },
      "categoryTrees": [
        {
          "level0": "Personal Care",
          "level1": "Health & Wellness",
          "level2": "Adult Care"
        }
      ],
      "cateredFlag": false
    },
    {
      "productId": "5114390-EA-000",
      "brand": "Vaseline",
      "name": "Deep Restore Body Lotion",
      "displayName": "750ml",
      "availability": [
        "IN_STORE",
        "ONLINE"
      ],
      "saleType": "UNITS",
      "restrictedFlag": false,
      "liquorFlag": false,
      "tobaccoFlag": false,
      "originRegulated": false,
      "singlePrice": {
        "price": 1519,
        "comparativePrice": {
          "pricePerUnit": 203,
          "unitQuantity": 100,
          "unitQuantityUom": "ml",
          "measureDescription": "100ml"
        }
      },
      "facets": [
        {
          "itemCode": "00020012",
          "itemDescription": "Non-GMO"
        }
      ],
      "categoryTrees": [
        {
          "level0": "Personal Care",
          "level1": "Beauty & Grooming",
          "level2": "Hand & Body Care"
        }
      ],
      "cateredFlag": false
    },
    {
      "productId": "5287195-EA-000",
      "brand": "Poise",
      "name": "Ultra Long Liners",
      "displayName": "20pk",
      "availability": [
        "IN_STORE",
        "ONLINE"
      ],
      "saleType": "UNITS",
      "restrictedFlag": false,
      "liquorFlag": false,
      "tobaccoFlag": false,
      "originRegulated": false,
      "singlePrice": {
        "price": 569,
        "promoId": "128929027",
        "comparativePrice": {
          "pricePerUnit": 28,
          "unitQuantity": 1,
          "unitQuantityUom": "ea",
          "measureDescription": "ea"
        }
      },
      "promotions": [
        {
          "promoId": "128929027",
          "rewardValue": 569,
          "decal": "6000",
          "sapType": "BASE",
          "rewardType": "NEW_PRICE",
          "threshold": 1,
          "limit": 0,
          "multiProducts": false,
          "cardDependencyFlag": false,
          "bestPromotion": true,
          "comparativePrice": {
            "pricePerUnit": 28,
            "unitQuantity": 1,
            "unitQuantityUom": "ea",
            "measureDescription": "ea"
          }
        }
      ],
      "categoryTrees": [
        {
          "level0": "Personal Care",
          "level1": "Health & Wellness",
          "level2": "Period & Continence Care"
        }
      ],
      "cateredFlag": false
    },
    {
      "productId": "5287636-EA-000",
      "brand": "Head & Shoulders",
      "name": "Anti Dandruff Dry Scalp Care Conditioner",
      "displayName": "200ml",
      "availability": [
        "IN_STORE",
        "ONLINE"
      ],
      "saleType": "UNITS",
      "restrictedFlag": false,
      "liquorFlag": false,
      "tobaccoFlag": false,
      "originRegulated": false,
      "singlePrice": {
        "price": 769,
        "comparativePrice": {
          "pricePerUnit": 385,
          "unitQuantity": 100,
          "unitQuantityUom": "ml",
          "measureDescription": "100ml"
        }
      },
      "categoryTrees": [
        {
          "level0": "Personal Care",
          "level1": "Beauty & Grooming",
          "level2": "Hair Care & Treatments"
        }
      ],
      "cateredFlag": false
    },
    {
      "productId": "5259130-EA-000",
      "brand": "Nivea",
      "name": "Natural Aloe Fresh Moisture Rich Lather Body Wash",
      "displayName": "1l",
      "availability": [
        "IN_STORE",
        "ONLINE"
      ],
      "saleType": "UNITS",
      "restrictedFlag": false,
      "liquorFlag": false,
      "tobaccoFlag": false,
      "originRegulated": false,
      "singlePrice": {
        "price": 1639,
        "comparativePrice": {
          "pricePerUnit": 164,
          "unitQuantity": 100,
          "unitQuantityUom": "ml",
          "measureDescription": "100ml"
        }
      },
      "categoryTrees": [
        {
          "level0": "Personal Care",
          "level1": "Beauty & Grooming",
          "level2": "Hand & Body Care"
        }
      ],
      "cateredFlag": false
    },
    {
      "productId": "5026376-EA-000",
      "brand": "Organic Care",
      "name": "Normal Balance Shampoo",
      "displayName": "400ml",
      "availability": [
        "IN_STORE",
        "ONLINE"
      ],
      "saleType": "UNITS",
      "restrictedFlag": false,
      "liquorFlag": false,
      "tobaccoFlag": false,
      "originRegulated": false,
      "singlePrice": {
        "price": 529,
        "promoId": "128942819",
        "comparativePrice": {
          "pricePerUnit": 132,
          "unitQuantity": 100,
          "unitQuantityUom": "ml",
          "measureDescription": "100ml"
        }
      },
      "promotions": [
        {
          "promoId": "128942819",
          "rewardValue": 529,
          "decal": "6000",
          "sapType": "BASE",
          "rewardType": "NEW_PRICE",
          "threshold": 1,
          "limit": 0,
          "multiProducts": false,
          "cardDependencyFlag": false,
          "bestPromotion": true,
          "comparativePrice": {
            "pricePerUnit": 132,
            "unitQuantity": 100,
            "unitQuantityUom": "ml",
            "measureDescription": "100ml"
          }
        }
      ],
      "facets": [
        {
          "itemCode": "00020001",
          "itemDescription": "Organic"
        }
      ],
      "categoryTrees": [
        {
          "level0": "Personal Care",
          "level1": "Beauty & Grooming",
          "level2": "Hair Care & Treatments"
        }
      ],
      "cateredFlag": false
    },
    {
      "productId": "5117700-EA-000",
      "brand": "Vaseline",
      "name": "Aloe Soothe Body Lotion",
      "displayName": "750ml",
      "availability": [
        "IN_STORE",
        "ONLINE"
      ],
      "saleType": "UNITS",
      "restrictedFlag": false,
      "liquorFlag": false,
      "tobaccoFlag": false,
      "originRegulated": false,
      "singlePrice": {
        "price": 1519,
        "comparativePrice": {
          "pricePerUnit": 203,
          "unitQuantity": 100,
          "unitQuantityUom": "ml",
          "measureDescription": "100ml"
        }
      },
      "facets": [
        {
          "itemCode": "00020012",
          "itemDescription": "Non-GMO"
        }
      ],
      "categoryTrees": [
        {
          "level0": "Personal Care",
          "level1": "Beauty & Grooming",
          "level2": "Hand & Body Care"
        }
      ],
      "cateredFlag": false
    },
    {
      "productId": "5209901-EA-000",
      "brand": "Red Seal",
      "name": "Vita Fizz Magnesium Wild Berry Effervescent Tablets",
      "displayName": "13pk",
      "availability": [
        "IN_STORE",
        "ONLINE"
      ],
      "saleType": "UNITS",
      "restrictedFlag": false,
      "liquorFlag": false,
      "tobaccoFlag": false,
      "originRegulated": false,
      "singlePrice": {
        "price": 499,
        "promoId": "129012447",
        "comparativePrice": {
          "pricePerUnit": 38,
          "unitQuantity": 1,
          "unitQuantityUom": "ea",
          "measureDescription": "ea"
        }
      },
      "promotions": [
        {
          "promoId": "129012447",
          "rewardValue": 499,
          "decal": "6000",
          "sapType": "BASE",
          "rewardType": "NEW_PRICE",
          "threshold": 1,
          "limit": 0,
          "multiProducts": false,
          "cardDependencyFlag": false,
          "bestPromotion": true,
          "comparativePrice": {
            "pricePerUnit": 38,
            "unitQuantity": 1,
            "unitQuantityUom": "ea",
            "measureDescription": "ea"
          }
        }
      ],
      "categoryTrees": [
        {
          "level0": "Personal Care",
          "level1": "Health & Wellness",
          "level2": "Vitamins & Supplements"
        }
      ],
      "cateredFlag": false
    },
    {
      "productId": "5033902-EA-000",
      "brand": "Sensodyne",
      "name": "Cool Mint Mouthwash",
      "displayName": "500ml",
      "availability": [
        "IN_STORE",
        "ONLINE"
      ],
      "saleType": "UNITS",
      "restrictedFlag": false,
      "liquorFlag": false,
      "tobaccoFlag": false,
      "originRegulated": false,
      "singlePrice": {
        "price": 799,
        "comparativePrice": {
          "pricePerUnit": 160,
          "unitQuantity": 100,
          "unitQuantityUom": "ml",
          "measureDescription": "100ml"
        }
      },
      "categoryTrees": [
        {
          "level0": "Personal Care",
          "level1": "Beauty & Grooming",
          "level2": "Oral Health"
        }
      ],
      "cateredFlag": false
    },
    {
      "productId": "5283153-EA-000",
      "brand": "Nivea",
      "name": "Gentle Cleansing Cream Wash",
      "displayName": "150ml",
      "availability": [
        "IN_STORE",
        "ONLINE"
      ],
      "saleType": "UNITS",
      "restrictedFlag": false,
      "liquorFlag": false,
      "tobaccoFlag": false,
      "originRegulated": false,
      "singlePrice": {
        "price": 1399,
        "comparativePrice": {
          "pricePerUnit": 933,
          "unitQuantity": 100,
          "unitQuantityUom": "ml",
          "measureDescription": "100ml"
        }
      },
      "categoryTrees": [
        {
          "level0": "Personal Care",
          "level1": "Beauty & Grooming",
          "level2": "Hand & Body Care"
        }
      ],
      "cateredFlag": false
    },
    {
      "productId": "5018344-EA-000",
      "brand": "Steradent",
      "name": "Extra Strength Whitening Denture Cleansing Tablets",
      "displayName": "30pk",
      "availability": [
        "IN_STORE",
        "ONLINE"
      ],
      "saleType": "UNITS",
      "restrictedFlag": false,
      "liquorFlag": false,
      "tobaccoFlag": false,
      "originRegulated": false,
      "singlePrice": {
        "price": 859,
        "promoId": "128879244",
        "comparativePrice": {
          "pricePerUnit": 29,
          "unitQuantity": 1,
          "unitQuantityUom": "ea",
          "measureDescription": "ea"
        }
      },
      "promotions": [
        {
          "promoId": "128879244",
          "rewardValue": 859,
          "decal": "6000",
          "sapType": "BASE",
          "rewardType": "NEW_PRICE",
          "threshold": 1,
          "limit": 0,
          "multiProducts": false,
          "cardDependencyFlag": false,
          "bestPromotion": true,
          "comparativePrice": {
            "pricePerUnit": 29,
            "unitQuantity": 1,
            "unitQuantityUom": "ea",
            "measureDescription": "ea"
          }
        }
      ],
      "categoryTrees": [
        {
          "level0": "Personal Care",
          "level1": "Beauty & Grooming",
          "level2": "Oral Health"
        }
      ],
      "cateredFlag": false
    },
    {
      "productId": "5206493-EA-000",
      "brand": "Listerine",
      "name": "Total Care Zero Alcohol Mouthwash",
      "displayName": "500ml",
      "availability": [
        "IN_STORE",
        "ONLINE"
      ],
      "saleType": "UNITS",
      "restrictedFlag": false,
      "liquorFlag": false,
      "tobaccoFlag": false,
      "originRegulated": false,
      "singlePrice": {
        "price": 899,
        "promoId": "128887905",
        "comparativePrice": {
          "pricePerUnit": 180,
          "unitQuantity": 100,
          "unitQuantityUom": "ml",
          "measureDescription": "100ml"
        }
      },
      "promotions": [
        {
          "promoId": "128887905",
          "rewardValue": 899,
          "decal": "6000",
          "sapType": "BASE",
          "rewardType": "NEW_PRICE",
          "threshold": 1,
          "limit": 0,
          "multiProducts": false,
          "cardDependencyFlag": false,
          "bestPromotion": true,
          "comparativePrice": {
            "pricePerUnit": 180,
            "unitQuantity": 100,
            "unitQuantityUom": "ml",
            "measureDescription": "100ml"
          }
        }
      ],
      "facets": [
        {
          "itemCode": "00020012",
          "itemDescription": "Non-GMO"
        }
      ],
      "categoryTrees": [
        {
          "level0": "Personal Care",
          "level1": "Beauty & Grooming",
          "level2": "Oral Health"
        }
      ],
      "cateredFlag": false
    },
    {
      "productId": "5018124-EA-000",
      "brand": "Schwarzkopf Extra Care",
      "name": "Keratin Strength Hairspray",
      "displayName": "250g",
      "availability": [
        "IN_STORE",
        "ONLINE"
      ],
      "saleType": "UNITS",
      "restrictedFlag": false,
      "liquorFlag": false,
      "tobaccoFlag": false,
      "originRegulated": false,
      "singlePrice": {
        "price": 969,
        "comparativePrice": {
          "pricePerUnit": 388,
          "unitQuantity": 100,
          "unitQuantityUom": "g",
          "measureDescription": "100g"
        }
      },
      "categoryTrees": [
        {
          "level0": "Personal Care",
          "level1": "Beauty & Grooming",
          "level2": "Hair Styling & Accessories"
        }
      ],
      "cateredFlag": false
    },
    {
      "productId": "5287629-EA-000",
      "brand": "Head & Shoulders",
      "name": "Anti Dandruff Smooth & Silky Shampoo",
      "displayName": "200ml",
      "availability": [
        "IN_STORE",
        "ONLINE"
      ],
      "saleType": "UNITS",
      "restrictedFlag": false,
      "liquorFlag": false,
      "tobaccoFlag": false,
      "originRegulated": false,
      "singlePrice": {
        "price": 769,
        "comparativePrice": {
          "pricePerUnit": 385,
          "unitQuantity": 100,
          "unitQuantityUom": "ml",
          "measureDescription": "100ml"
        }
      },
      "categoryTrees": [
        {
          "level0": "Personal Care",
          "level1": "Beauty & Grooming",
          "level2": "Hair Care & Treatments"
        }
      ],
      "cateredFlag": false
    },
    {
      "productId": "5012902-EA-000",
      "brand": "Neutrogena",
      "name": "T/Gel Therapeutic Shampoo",
      "displayName": "200ml",
      "availability": [
        "IN_STORE",
        "ONLINE"
      ],
      "saleType": "UNITS",
      "restrictedFlag": false,
      "liquorFlag": false,
      "tobaccoFlag": false,
      "originRegulated": false,
      "singlePrice": {
        "price": 1429,
        "promoId": "128943805",
        "comparativePrice": {
          "pricePerUnit": 715,
          "unitQuantity": 100,
          "unitQuantityUom": "ml",
          "measureDescription": "100ml"
        }
      },
      "promotions": [
        {
          "promoId": "128943805",
          "rewardValue": 1429,
          "decal": "6000",
          "sapType": "BASE",
          "rewardType": "NEW_PRICE",
          "threshold": 1,
          "limit": 0,
          "multiProducts": false,
          "cardDependencyFlag": false,
          "bestPromotion": true,
          "comparativePrice": {
            "pricePerUnit": 715,
            "unitQuantity": 100,
            "unitQuantityUom": "ml",
            "measureDescription": "100ml"
          }
        }
      ],
      "categoryTrees": [
        {
          "level0": "Personal Care",
          "level1": "Beauty & Grooming",
          "level2": "Hair Care & Treatments"
        }
      ],
      "cateredFlag": false
    },
    {
      "productId": "5209900-EA-000",
      "brand": "Red Seal",
      "name": "Vita Fizz Immune Defence Blackcurrant Effervescent Tablets",
      "displayName": "20pk",
      "availability": [
        "IN_STORE",
        "ONLINE"
      ],
      "saleType": "UNITS",
      "restrictedFlag": false,
      "liquorFlag": false,
      "tobaccoFlag": false,
      "originRegulated": false,
      "singlePrice": {
        "price": 499,
        "promoId": "129012447",
        "comparativePrice": {
          "pricePerUnit": 25,
          "unitQuantity": 1,
          "unitQuantityUom": "ea",
          "measureDescription": "ea"
        }
      },
      "promotions": [
        {
          "promoId": "129012447",
          "rewardValue": 499,
          "decal": "6000",
          "sapType": "BASE",
          "rewardType": "NEW_PRICE",
          "threshold": 1,
          "limit": 0,
          "multiProducts": false,
          "cardDependencyFlag": false,
          "bestPromotion": true,
          "comparativePrice": {
            "pricePerUnit": 25,
            "unitQuantity": 1,
            "unitQuantityUom": "ea",
            "measureDescription": "ea"
          }
        }
      ],
      "categoryTrees": [
        {
          "level0": "Personal Care",
          "level1": "Health & Wellness",
          "level2": "Vitamins & Supplements"
        }
      ],
      "cateredFlag": false
    },
    {
      "productId": "5025899-EA-000",
      "brand": "Schwarzkopf Extra Care",
      "name": "Strong Styling Mousse",
      "displayName": "150g",
      "availability": [
        "IN_STORE",
        "ONLINE"
      ],
      "saleType": "UNITS",
      "restrictedFlag": false,
      "liquorFlag": false,
      "tobaccoFlag": false,
      "originRegulated": false,
      "singlePrice": {
        "price": 839,
        "comparativePrice": {
          "pricePerUnit": 559,
          "unitQuantity": 100,
          "unitQuantityUom": "g",
          "measureDescription": "100g"
        }
      },
      "categoryTrees": [
        {
          "level0": "Personal Care",
          "level1": "Beauty & Grooming",
          "level2": "Hair Styling & Accessories"
        }
      ],
      "cateredFlag": false
    },
    {
      "productId": "5019768-EA-000",
      "brand": "Cussons",
      "name": "Prize Medal Oatmeal Soap",
      "displayName": "5 x 90g",
      "availability": [
        "IN_STORE",
        "ONLINE"
      ],
      "saleType": "UNITS",
      "restrictedFlag": false,
      "liquorFlag": false,
      "tobaccoFlag": false,
      "originRegulated": false,
      "singlePrice": {
        "price": 549,
        "promoId": "128901452",
        "comparativePrice": {
          "pricePerUnit": 110,
          "unitQuantity": 1,
          "unitQuantityUom": "ea",
          "measureDescription": "ea"
        }
      },
      "promotions": [
        {
          "promoId": "128901452",
          "rewardValue": 549,
          "decal": "6000",
          "sapType": "BASE",
          "rewardType": "NEW_PRICE",
          "threshold": 1,
          "limit": 0,
          "multiProducts": false,
          "cardDependencyFlag": false,
          "bestPromotion": true,
          "comparativePrice": {
            "pricePerUnit": 110,
            "unitQuantity": 1,
            "unitQuantityUom": "ea",
            "measureDescription": "ea"
          }
        }
      ],
      "categoryTrees": [
        {
          "level0": "Personal Care",
          "level1": "Beauty & Grooming",
          "level2": "Hand & Body Care"
        }
      ],
      "cateredFlag": false
    },
    {
      "productId": "5286361-EA-000",
      "brand": "Schwarzkopf Extra Care",
      "name": "Marrakesh Oil & Coconut Replenishing Shampoo",
      "displayName": "400ml",
      "availability": [
        "IN_STORE",
        "ONLINE"
      ],
      "saleType": "UNITS",
      "restrictedFlag": false,
      "liquorFlag": false,
      "tobaccoFlag": false,
      "originRegulated": false,
      "singlePrice": {
        "price": 889,
        "comparativePrice": {
          "pricePerUnit": 222,
          "unitQuantity": 100,
          "unitQuantityUom": "ml",
          "measureDescription": "100ml"
        }
      },
      "categoryTrees": [
        {
          "level0": "Personal Care",
          "level1": "Beauty & Grooming",
          "level2": "Hair Care & Treatments"
        }
      ],
      "cateredFlag": false
    },
    {
      "productId": "5278156-EA-000",
      "brand": "Glow Lab",
      "name": "Anti-Bacterial Coconut & Cedar Hand Wash",
      "displayName": "300ml",
      "availability": [
        "IN_STORE",
        "ONLINE"
      ],
      "saleType": "UNITS",
      "restrictedFlag": false,
      "liquorFlag": false,
      "tobaccoFlag": false,
      "originRegulated": false,
      "singlePrice": {
        "price": 749,
        "comparativePrice": {
          "pricePerUnit": 250,
          "unitQuantity": 100,
          "unitQuantityUom": "ml",
          "measureDescription": "100ml"
        }
      },
      "categoryTrees": [
        {
          "level0": "Personal Care",
          "level1": "Beauty & Grooming",
          "level2": "Hand & Body Care"
        }
      ],
      "cateredFlag": false
    },
    {
      "productId": "5285882-EA-000",
      "brand": "L'Oreal Paris",
      "name": "Elvive Colour-Protect Colour Protecting Conditioner",
      "displayName": "300ml",
      "availability": [
        "IN_STORE",
        "ONLINE"
      ],
      "saleType": "UNITS",
      "restrictedFlag": false,
      "liquorFlag": false,
      "tobaccoFlag": false,
      "originRegulated": false,
      "singlePrice": {
        "price": 479,
        "promoId": "128941497",
        "comparativePrice": {
          "pricePerUnit": 160,
          "unitQuantity": 100,
          "unitQuantityUom": "ml",
          "measureDescription": "100ml"
        }
      },
      "promotions": [
        {
          "promoId": "128941497",
          "rewardValue": 479,
          "decal": "6000",
          "sapType": "BASE",
          "rewardType": "NEW_PRICE",
          "threshold": 1,
          "limit": 0,
          "multiProducts": false,
          "cardDependencyFlag": false,
          "bestPromotion": true,
          "comparativePrice": {
            "pricePerUnit": 160,
            "unitQuantity": 100,
            "unitQuantityUom": "ml",
            "measureDescription": "100ml"
          }
        }
      ],
      "categoryTrees": [
        {
          "level0": "Personal Care",
          "level1": "Beauty & Grooming",
          "level2": "Hair Care & Treatments"
        }
      ],
      "cateredFlag": false
    },
    {
      "productId": "5034743-EA-000",
      "brand": "Colgate",
      "name": "Optic White Luminous Expert Express Toothpaste",
      "displayName": "125g",
      "availability": [
        "IN_STORE",
        "ONLINE"
      ],
      "saleType": "UNITS",
      "restrictedFlag": false,
      "liquorFlag": false,
      "tobaccoFlag": false,
      "originRegulated": false,
      "singlePrice": {
        "price": 1399,
        "promoId": "128943652",
        "comparativePrice": {
          "pricePerUnit": 1119,
          "unitQuantity": 100,
          "unitQuantityUom": "g",
          "measureDescription": "100g"
        }
      },
      "promotions": [
        {
          "promoId": "128943652",
          "rewardValue": 1399,
          "decal": "6000",
          "sapType": "BASE",
          "rewardType": "NEW_PRICE",
          "threshold": 1,
          "limit": 0,
          "multiProducts": false,
          "cardDependencyFlag": false,
          "bestPromotion": true,
          "comparativePrice": {
            "pricePerUnit": 1119,
            "unitQuantity": 100,
            "unitQuantityUom": "g",
            "measureDescription": "100g"
          }
        }
      ],
      "facets": [
        {
          "itemCode": "00020011",
          "itemDescription": "Low Sugar"
        },
        {
          "itemCode": "00020004",
          "itemDescription": "Gluten Free"
        },
        {
          "itemCode": "00020013",
          "itemDescription": "Vegan"
        }
      ],
      "categoryTrees": [
        {
          "level0": "Personal Care",
          "level1": "Beauty & Grooming",
          "level2": "Oral Health"
        }
      ],
      "cateredFlag": false
    },
    {
      "productId": "5025132-EA-000",
      "brand": "Rexona",
      "name": "Clinical Protection Shower Clean 96Hr Antiperspirant Deodorant",
      "displayName": "45ml",
      "availability": [
        "IN_STORE",
        "ONLINE"
      ],
      "saleType": "UNITS",
      "restrictedFlag": false,
      "liquorFlag": false,
      "tobaccoFlag": false,
      "originRegulated": false,
      "singlePrice": {
        "price": 1349,
        "promoId": "128815396",
        "comparativePrice": {
          "pricePerUnit": 2998,
          "unitQuantity": 100,
          "unitQuantityUom": "ml",
          "measureDescription": "100ml"
        }
      },
      "promotions": [
        {
          "promoId": "128815396",
          "rewardValue": 1349,
          "decal": "7000",
          "sapType": "BASE",
          "rewardType": "NEW_PRICE",
          "threshold": 1,
          "limit": 0,
          "multiProducts": false,
          "cardDependencyFlag": false,
          "bestPromotion": true,
          "comparativePrice": {
            "pricePerUnit": 2998,
            "unitQuantity": 100,
            "unitQuantityUom": "ml",
            "measureDescription": "100ml"
          }
        }
      ],
      "facets": [
        {
          "itemCode": "00020012",
          "itemDescription": "Non-GMO"
        }
      ],
      "categoryTrees": [
        {
          "level0": "Personal Care",
          "level1": "Beauty & Grooming",
          "level2": "Deodorants"
        }
      ],
      "cateredFlag": false
    },
    {
      "productId": "5008714-EA-000",
      "brand": "Nivea",
      "name": "Express Hydration Body Lotion",
      "displayName": "250ml",
      "availability": [
        "IN_STORE",
        "ONLINE"
      ],
      "saleType": "UNITS",
      "restrictedFlag": false,
      "liquorFlag": false,
      "tobaccoFlag": false,
      "originRegulated": false,
      "singlePrice": {
        "price": 649,
        "comparativePrice": {
          "pricePerUnit": 260,
          "unitQuantity": 100,
          "unitQuantityUom": "ml",
          "measureDescription": "100ml"
        }
      },
      "categoryTrees": [
        {
          "level0": "Personal Care",
          "level1": "Beauty & Grooming",
          "level2": "Hand & Body Care"
        }
      ],
      "cateredFlag": false
    },
    {
      "productId": "5271826-EA-000",
      "brand": "Blistex",
      "name": "SPF30 Lip Conditioner",
      "displayName": "7g",
      "availability": [
        "IN_STORE",
        "ONLINE"
      ],
      "saleType": "UNITS",
      "restrictedFlag": false,
      "liquorFlag": false,
      "tobaccoFlag": false,
      "originRegulated": false,
      "singlePrice": {
        "price": 569,
        "promoId": "128879102",
        "comparativePrice": {
          "pricePerUnit": 8129,
          "unitQuantity": 100,
          "unitQuantityUom": "g",
          "measureDescription": "100g"
        }
      },
      "promotions": [
        {
          "promoId": "128879102",
          "rewardValue": 569,
          "decal": "6000",
          "sapType": "BASE",
          "rewardType": "NEW_PRICE",
          "threshold": 1,
          "limit": 0,
          "multiProducts": false,
          "cardDependencyFlag": false,
          "bestPromotion": true,
          "comparativePrice": {
            "pricePerUnit": 8129,
            "unitQuantity": 100,
            "unitQuantityUom": "g",
            "measureDescription": "100g"
          }
        }
      ],
      "facets": [
        {
          "itemCode": "00020012",
          "itemDescription": "Non-GMO"
        }
      ],
      "categoryTrees": [
        {
          "level0": "Personal Care",
          "level1": "Beauty & Grooming",
          "level2": "Face & Lip Skin Care"
        }
      ],
      "cateredFlag": false
    },
    {
      "productId": "5248519-EA-000",
      "brand": "Sensodyne",
      "name": "Rapid Relief Extra Fresh Toothpaste",
      "displayName": "100g",
      "availability": [
        "IN_STORE",
        "ONLINE"
      ],
      "saleType": "UNITS",
      "restrictedFlag": false,
      "liquorFlag": false,
      "tobaccoFlag": false,
      "originRegulated": false,
      "singlePrice": {
        "price": 1089,
        "comparativePrice": {
          "pricePerUnit": 1089,
          "unitQuantity": 100,
          "unitQuantityUom": "g",
          "measureDescription": "100g"
        }
      },
      "categoryTrees": [
        {
          "level0": "Personal Care",
          "level1": "Beauty & Grooming",
          "level2": "Oral Health"
        }
      ],
      "cateredFlag": false
    },
    {
      "productId": "5275226-EA-000",
      "brand": "Gillette",
      "name": "Mach3 Razor 2 Cartridges",
      "displayName": "1pk",
      "availability": [
        "IN_STORE",
        "ONLINE"
      ],
      "saleType": "UNITS",
      "restrictedFlag": false,
      "liquorFlag": false,
      "tobaccoFlag": false,
      "originRegulated": false,
      "singlePrice": {
        "price": 1589
      },
      "categoryTrees": [
        {
          "level0": "Personal Care",
          "level1": "Beauty & Grooming",
          "level2": "Shaving & Hair Removal"
        }
      ],
      "cateredFlag": false
    },
    {
      "productId": "5205096-EA-000",
      "brand": "Nivea",
      "name": "Blackberry Shine Lip Balm",
      "displayName": "ea",
      "availability": [
        "IN_STORE",
        "ONLINE"
      ],
      "saleType": "UNITS",
      "restrictedFlag": false,
      "liquorFlag": false,
      "tobaccoFlag": false,
      "originRegulated": false,
      "singlePrice": {
        "price": 525,
        "comparativePrice": {
          "pricePerUnit": 10938,
          "unitQuantity": 100,
          "unitQuantityUom": "g",
          "measureDescription": "100g"
        }
      },
      "categoryTrees": [
        {
          "level0": "Personal Care",
          "level1": "Beauty & Grooming",
          "level2": "Face & Lip Skin Care"
        }
      ],
      "cateredFlag": false
    },
    {
      "productId": "5013401-EA-000",
      "brand": "Colgate",
      "name": "Sensitive Multi Protection Toothpaste",
      "displayName": "110g",
      "availability": [
        "IN_STORE",
        "ONLINE"
      ],
      "saleType": "UNITS",
      "restrictedFlag": false,
      "liquorFlag": false,
      "tobaccoFlag": false,
      "originRegulated": false,
      "singlePrice": {
        "price": 889,
        "comparativePrice": {
          "pricePerUnit": 808,
          "unitQuantity": 100,
          "unitQuantityUom": "g",
          "measureDescription": "100g"
        }
      },
      "categoryTrees": [
        {
          "level0": "Personal Care",
          "level1": "Beauty & Grooming",
          "level2": "Oral Health"
        }
      ],
      "cateredFlag": false
    },
    {
      "productId": "5013222-EA-000",
      "brand": "Mylanta",
      "name": "2Go Original Antacid Chewable Tablets",
      "displayName": "24pk",
      "availability": [
        "IN_STORE",
        "ONLINE"
      ],
      "saleType": "UNITS",
      "restrictedFlag": false,
      "liquorFlag": false,
      "tobaccoFlag": false,
      "originRegulated": false,
      "singlePrice": {
        "price": 699,
        "comparativePrice": {
          "pricePerUnit": 29,
          "unitQuantity": 1,
          "unitQuantityUom": "ea",
          "measureDescription": "ea"
        }
      },
      "facets": [
        {
          "itemCode": "00020012",
          "itemDescription": "Non-GMO"
        }
      ],
      "categoryTrees": [
        {
          "level0": "Personal Care",
          "level1": "Health & Wellness",
          "level2": "Digestion, Nausea & Laxatives"
        }
      ],
      "cateredFlag": false
    },
    {
      "productId": "5285611-EA-000",
      "brand": "Glow Lab",
      "name": "Vanilla Bean & Coconut Body Wash",
      "displayName": "900ml",
      "availability": [
        "IN_STORE",
        "ONLINE"
      ],
      "saleType": "UNITS",
      "restrictedFlag": false,
      "liquorFlag": false,
      "tobaccoFlag": false,
      "originRegulated": false,
      "singlePrice": {
        "price": 799,
        "promoId": "129015413",
        "comparativePrice": {
          "pricePerUnit": 89,
          "unitQuantity": 100,
          "unitQuantityUom": "ml",
          "measureDescription": "100ml"
        }
      },
      "promotions": [
        {
          "promoId": "129015413",
          "rewardValue": 799,
          "decal": "6000",
          "sapType": "BASE",
          "rewardType": "NEW_PRICE",
          "threshold": 1,
          "limit": 0,
          "multiProducts": false,
          "cardDependencyFlag": false,
          "bestPromotion": true,
          "comparativePrice": {
            "pricePerUnit": 89,
            "unitQuantity": 100,
            "unitQuantityUom": "ml",
            "measureDescription": "100ml"
          }
        }
      ],
      "categoryTrees": [
        {
          "level0": "Personal Care",
          "level1": "Beauty & Grooming",
          "level2": "Hand & Body Care"
        }
      ],
      "cateredFlag": false
    },
    {
      "productId": "5026235-EA-000",
      "brand": "Listerine",
      "name": "Gold Original Antibacterial Mouthwash",
      "displayName": "500ml",
      "availability": [
        "IN_STORE",
        "ONLINE"
      ],
      "saleType": "UNITS",
      "restrictedFlag": false,
      "liquorFlag": false,
      "tobaccoFlag": false,
      "originRegulated": false,
      "singlePrice": {
        "price": 499,
        "promoId": "129015877",
        "comparativePrice": {
          "pricePerUnit": 100,
          "unitQuantity": 100,
          "unitQuantityUom": "ml",
          "measureDescription": "100ml"
        }
      },
      "promotions": [
        {
          "promoId": "129015877",
          "rewardValue": 499,
          "decal": "6000",
          "sapType": "BASE",
          "rewardType": "NEW_PRICE",
          "threshold": 1,
          "limit": 0,
          "multiProducts": false,
          "cardDependencyFlag": false,
          "bestPromotion": true,
          "comparativePrice": {
            "pricePerUnit": 100,
            "unitQuantity": 100,
            "unitQuantityUom": "ml",
            "measureDescription": "100ml"
          }
        }
      ],
      "facets": [
        {
          "itemCode": "00020012",
          "itemDescription": "Non-GMO"
        }
      ],
      "categoryTrees": [
        {
          "level0": "Personal Care",
          "level1": "Beauty & Grooming",
          "level2": "Oral Health"
        }
      ],
      "cateredFlag": false
    },
    {
      "productId": "5269455-EA-000",
      "brand": "Poise",
      "name": "Thin & Discreet Regular Pads",
      "displayName": "16pk",
      "availability": [
        "IN_STORE",
        "ONLINE"
      ],
      "saleType": "UNITS",
      "restrictedFlag": false,
      "liquorFlag": false,
      "tobaccoFlag": false,
      "originRegulated": false,
      "singlePrice": {
        "price": 1089,
        "comparativePrice": {
          "pricePerUnit": 68,
          "unitQuantity": 1,
          "unitQuantityUom": "ea",
          "measureDescription": "ea"
        }
      },
      "categoryTrees": [
        {
          "level0": "Personal Care",
          "level1": "Health & Wellness",
          "level2": "Adult Care"
        }
      ],
      "cateredFlag": false
    },
    {
      "productId": "5032244-EA-000",
      "brand": "Dove",
      "name": "Intensive Repair Shampoo",
      "displayName": "320ml",
      "availability": [
        "IN_STORE",
        "ONLINE"
      ],
      "saleType": "UNITS",
      "restrictedFlag": false,
      "liquorFlag": false,
      "tobaccoFlag": false,
      "originRegulated": false,
      "singlePrice": {
        "price": 929,
        "comparativePrice": {
          "pricePerUnit": 290,
          "unitQuantity": 100,
          "unitQuantityUom": "ml",
          "measureDescription": "100ml"
        }
      },
      "facets": [
        {
          "itemCode": "00020012",
          "itemDescription": "Non-GMO"
        }
      ],
      "categoryTrees": [
        {
          "level0": "Personal Care",
          "level1": "Beauty & Grooming",
          "level2": "Hair Care & Treatments"
        }
      ],
      "cateredFlag": false
    }
  ],
  "algoliaSearchResult": {
    "facets": {
      "brand": {
        "Healtheries": 70,
        "L'Oreal Paris": 65,
        "Nivea": 64,
        "Colgate": 62,
        "Garnier": 46,
        "Red Seal": 46,
        "Glow Lab": 39,
        "Musashi": 39,
        "Dove": 35,
        "Neutrogena": 34,
        "Korbond": 33,
        "North Head": 33,
        "Ecostore": 32,
        "Nivea Men": 31,
        "Dettol": 29,
        "Schick": 29,
        "Head & Shoulders": 28,
        "Gillette": 26,
        "Oral-B": 25,
        "Essano": 22,
        "Pams": 22,
        "Sunsilk": 20,
        "Olay": 19,
        "Carefree": 18,
        "OGX": 18,
        "Schwarzkopf Extra Care": 18,
        "Sensodyne": 18,
        "U By Kotex": 18,
        "Palmolive": 17,
        "Pantene Pro-V": 17,
        "Listerine": 15,
        "Tresemme": 15,
        "Elastoplast": 14,
        "Tena": 14,
        "Libra": 13,
        "Palmolive Naturals": 13,
        "Poise": 13,
        "Anihana": 12,
        "Berocca": 12,
        "Herbal Essences": 12,
        "Lynx": 12,
        "Nature's Way": 12,
        "Rexona": 12,
        "Pantene": 11,
        "Veet": 11,
        "Aveeno": 10,
        "Durex": 10,
        "Grin": 10,
        "Rexona Men": 10,
        "Value": 10,
        "Vicks": 10,
        "Atkins": 9,
        "Gaviscon": 9,
        "Nurofen": 9,
        "Quest": 9,
        "Centrum": 8,
        "Gillette Venus": 8,
        "Organic Care": 8,
        "Strepsils": 8,
        "Mouthfresh": 7,
        "Napro": 7,
        "Reach": 7,
        "Schwarzkopf Live": 7,
        "Vaseline": 7,
        "Horleys": 6,
        "Just For Men": 6,
        "Lemsip": 6,
        "Nourish": 6,
        "Panadol": 6,
        "Polident": 6,
        "Protex": 6,
        "Schwarzkopf Brilliance": 6,
        "Simply Silk": 6,
        "Stayfree": 6,
        "Tom Organic": 6,
        "Blistex": 5,
        "Codral": 5,
        "Dominate": 5,
        "Essano Rosehip": 5,
        "Marzena": 5,
        "Mitchum": 5,
        "Natures Way": 5,
        "Radox": 5,
        "Silk": 5,
        "Skyn": 5,
        "Tampax": 5,
        "Zealea": 5,
        "d3": 5,
        "Banana Boat": 4,
        "Barebells": 4,
        "Batiste": 4,
        "Bic": 4,
        "Brut": 4,
        "Cetaphil": 4,
        "Cool Charm": 4,
        "Depend": 4,
        "Em's Power Cookies": 4,
        "Ethics": 4,
        "Femfresh": 4,
        "Helena": 4
      },
      "category1NI": {
        "Beauty & Grooming": 1180,
        "Health & Wellness": 537,
        "Pams": 11,
        "Baby Care": 2,
        "Biscuits & Crackers": 2,
        "Snack Foods": 1
      },
      "onPromotion": {
        "21ecaaed-0749-4492-985e-4bb7ba43d59c": 717,
        "b92cc33f-b5a8-4b57-9b82-412946800020": 578,
        "e1925ea7-01bc-4358-ae7c-c6502da5ab12": 572,
        "3c5e3145-0767-4066-9349-6c0a1313acc5": 530,
        "92086ded-a55d-4241-a364-7d7ea91531b4": 530,
        "65defcf2-bc15-490e-a84f-1f13b769cd22": 526,
        "c0f80e87-16be-4488-9553-da437e8c6c2a": 525,
        "64eab5b1-8d79-45f4-94f1-02b8cf8b6202": 516,
        "c180a72d-5dbe-4403-b7c7-91655e505492": 512,
        "3404c253-577f-45ca-b301-c98312e46efb": 509,
        "48dd98cc-a757-4102-b15d-ea82b4b10571": 508,
        "8f0d70be-5cb7-464b-99cb-8b0130671895": 507,
        "714431ab-6e39-4df6-ac77-cfc5c1e25bc8": 506,
        "3bb30799-82ce-4648-8c02-5113228963ed": 500,
        "33d8d6fc-861a-45ff-9937-5ccdb55eaede": 493,
        "a7d09522-bee2-41e4-8fe0-0b82b7f342f5": 493,
        "c3f9e1a3-fc34-452d-af2e-95349e666ba4": 489,
        "b2e98a14-c8ca-401e-99ed-edf74570c6f6": 487,
        "15e6f441-5c1c-4d25-b4ec-1adf918c49c7": 480,
        "5f167936-79ae-4f6a-b9d2-74afe1bb096b": 478,
        "49037947-e450-49bf-ba1f-a94551c79a72": 475,
        "61dd754e-8525-4b9e-9e08-173389eea8a8": 473,
        "53989945-1a28-481d-a61c-d6f75f760ada": 469,
        "7d48a781-4f68-4c91-a908-8659e1b22f95": 468,
        "01a114de-149c-4f5f-80a1-90cc63f69c6e": 463,
        "5cf0392f-c187-4fc4-a463-eb269d2e8f45": 461,
        "6cda96e1-7d29-44a6-956b-3fcfdecc8184": 460,
        "90082979-fb9f-4305-9c72-83274fc438cc": 453,
        "715f0e22-95e0-45ce-af3a-07057209976e": 452,
        "c2204dae-579e-4b6b-9d42-2e13ceaa6031": 452,
        "1c388d5e-29ac-4956-b476-cb3431353d2e": 450,
        "b83029b6-5dd5-449e-8056-26f3943a4e18": 449,
        "b39562a4-2b72-43fe-b9ba-eda1d651ad0b": 447,
        "98ec3885-ac93-4fcb-807b-59c9055c52c4": 444,
        "529d66cc-60e3-432e-b8d1-efc9f2ec4919": 442,
        "6e6809dd-01bc-45c9-aab1-f01ccd8338b0": 442,
        "2ed73be8-936d-4f35-9398-75a707f40a7b": 438,
        "b29a98bd-749c-489c-9eef-6aa38e66a29b": 437,
        "be4c4780-218e-425a-a90f-63e21773572b": 433,
        "d6d39eea-889d-4e20-923c-55cab225cf7f": 433,
        "9cd8eb60-3222-4efc-bd7c-50e03e6a81a4": 430,
        "dbca5e00-f7f9-43ae-91de-031ad16f8a92": 428,
        "d8032da3-c1b9-456e-b626-41ce21f8c67b": 424,
        "3bfe040b-f0c9-45e0-949b-b9ad5a591d55": 423,
        "4fcc1c8e-cc5e-4675-ba25-5e56b579cf69": 414,
        "4a279605-eaa8-470d-bcd4-0a9e3c9ab43b": 411,
        "af385423-d0f1-41f0-9482-ffd10b745143": 404,
        "50b1216b-d066-4457-b88b-9bccf97bf6d3": 403,
        "d1cd1fdd-8767-46a6-a8d3-c3e0632c2dc8": 401,
        "8cd700ae-d96f-4761-bd7a-805d6b93536d": 398,
        "94ef1985-cab1-4b39-a2f3-230120f03c16": 364,
        "076e8177-943b-41fc-a885-ba3d28297acf": 360,
        "6c73764e-b8e6-4e55-ad37-f6a9d207da1f": 351,
        "60561e46-ece7-43a7-b142-9b14812586e4": 349,
        "3e82142c-78dc-46f3-82ec-28e65fcf84c9": 295
      },
      "productFacets": {
        "Non-GMO": 360,
        "Gluten Free": 114,
        "Vegan": 72,
        "Low Sugar": 53,
        "Organic": 30,
        "Dairy Free": 17,
        "Low Fat": 13,
        "Keto": 7,
        "Vegetarian": 7,
        "Halal": 5
      }
    }
  },
  "totalHits": 1000,
  "page": 9,
  "totalPages": 20,
  "hitsPerPage": 50
}
