{
  "tobaccoProducts": false,
  "products": [
    {
      "productId": "5002853-EA-000",
      "brand": "Steelo",
      "name": "Stainless Steel Wool Pads",
      "displayName": "5pk",
      "availability": [
        "IN_STORE",
        "ONLINE"
      ],
      "saleType": "UNITS",
      "restrictedFlag": false,
      "liquorFlag": false,
      "tobaccoFlag": false,
      "originRegulated": false,
      "singlePrice": {
        "price": 610,
        "comparativePrice": {
          "pricePerUnit": 122,
          "unitQuantity": 1,
          "unitQuantityUom": "ea",
          "measureDescription": "ea"
        }
      },
      "categoryTrees": [
        {
          "level0": "Kitchen, Dining & Household",
          "level1": "Cleaning Products",
          "level2": "Cleaning Accessories"
        }
      ],
      "cateredFlag": false
    },
    {
      "productId": "5005709-EA-000",
      "brand": "Energizer",
      "name": "Max AAA Battery",
      "displayName": "4pk",
      "availability": [
        "IN_STORE",
        "ONLINE"
      ],
      "saleType": "UNITS",
      "restrictedFlag": false,
      "liquorFlag": false,
      "tobaccoFlag": false,
      "originRegulated": false,
      "singlePrice": {
        "price": 999,
        "promoId": "129022040",
        "comparativePrice": {
          "pricePerUnit": 250,
          "unitQuantity": 1,
          "unitQuantityUom": "ea",
          "measureDescription": "ea"
        }
      },
      "promotions": [
        {
          "promoId": "129022040",
          "rewardValue": 999,
          "decal": "7000",
          "sapType": "BASE",
          "rewardType": "NEW_PRICE",
          "threshold": 1,
          "limit": 0,
          "multiProducts": false,
          "cardDependencyFlag": false,
          "bestPromotion": true,
          "comparativePrice": {
            "pricePerUnit": 250,
            "unitQuantity": 1,
            "unitQuantityUom": "ea",
            "measureDescription": "ea"
          }
        }
      ],
      "categoryTrees": [
        {
          "level0": "Kitchen, Dining & Household",
          "level1": "Household",
          "level2": "Batteries"
        }
      ],
      "cateredFlag": false
    },
    {
      "productId": "5254094-EA-000",
      "brand": "Earthwise",
      "name": "Orange & Eucalyptus Plant Powered Laundry Liquid",
      "displayName": "4l",
      "availability": [
        "IN_STORE",
        "ONLINE"
      ],
      "saleType": "UNITS",
      "restrictedFlag": false,
      "liquorFlag": false,
      "tobaccoFlag": false,
      "originRegulated": false,
      "singlePrice": {
        "price": 2499,
        "comparativePrice": {
          "pricePerUnit": 62,
          "unitQuantity": 100,
          "unitQuantityUom": "ml",
          "measureDescription": "100ml"
        }
      },
      "categoryTrees": [
        {
          "level0": "Kitchen, Dining & Household",
          "level1": "Laundry",
          "level2": "Laundry Liquid & Capsules"
        }
      ],
      "cateredFlag": false
    },
    {
      "productId": "5263000-EA-000",
      "brand": "Dettol",
      "name": "Citrus Burst Antibacterial Washing Machine Cleaner",
      "displayName": "250ml",
      "availability": [
        "IN_STORE",
        "ONLINE"
      ],
      "saleType": "UNITS",
      "restrictedFlag": false,
      "liquorFlag": false,
      "tobaccoFlag": false,
      "originRegulated": false,
      "singlePrice": {
        "price": 729,
        "comparativePrice": {
          "pricePerUnit": 292,
          "unitQuantity": 100,
          "unitQuantityUom": "ml",
          "measureDescription": "100ml"
        }
      },
      "categoryTrees": [
        {
          "level0": "Kitchen, Dining & Household",
          "level1": "Laundry",
          "level2": "Washing Machine Cleaners"
        }
      ],
      "cateredFlag": false
    },
    {
      "productId": "5018254-EA-000",
      "brand": "Ecostore",
      "name": "Grapefruit Dish Liquid",
      "displayName": "1l",
      "availability": [
        "IN_STORE",
        "ONLINE"
      ],
      "saleType": "UNITS",
      "restrictedFlag": false,
      "liquorFlag": false,
      "tobaccoFlag": false,
      "originRegulated": false,
      "singlePrice": {
        "price": 699,
        "promoId": "128977767",
        "comparativePrice": {
          "pricePerUnit": 70,
          "unitQuantity": 100,
          "unitQuantityUom": "ml",
          "measureDescription": "100ml"
        }
      },
      "promotions": [
        {
          "promoId": "128977767",
          "rewardValue": 699,
          "decal": "6000",
          "sapType": "BASE",
          "rewardType": "NEW_PRICE",
          "threshold": 1,
          "limit": 0,
          "multiProducts": false,
          "cardDependencyFlag": false,
          "bestPromotion": true,
          "comparativePrice": {
            "pricePerUnit": 70,
            "unitQuantity": 100,
            "unitQuantityUom": "ml",
            "measureDescription": "100ml"
          }
        }
      ],
      "categoryTrees": [
        {
          "level0": "Kitchen, Dining & Household",
          "level1": "Cleaning Products",
          "level2": "Dishwashing Liquid"
        }
      ],
      "cateredFlag": false
    },
    {
      "productId": "5036398-EA-000",
      "brand": "Dettol",
      "name": "Healthy Clean Kitchen Cleaner Antibacterial Spray",
      "displayName": "500ml",
      "availability": [
        "IN_STORE",
        "ONLINE"
      ],
      "saleType": "UNITS",
      "restrictedFlag": false,
      "liquorFlag": false,
      "tobaccoFlag": false,
      "originRegulated": false,
      "singlePrice": {
        "price": 519,
        "comparativePrice": {
          "pricePerUnit": 104,
          "unitQuantity": 100,
          "unitQuantityUom": "ml",
          "measureDescription": "100ml"
        }
      },
      "categoryTrees": [
        {
          "level0": "Kitchen, Dining & Household",
          "level1": "Cleaning Products",
          "level2": "Kitchen Cleaners"
        }
      ],
      "cateredFlag": false
    },
    {
      "productId": "5009058-EA-000",
      "brand": "Ambi Pur",
      "name": "With Ambi Pur Extra Strength Fabric Spray",
      "displayName": "370ml",
      "availability": [
        "IN_STORE",
        "ONLINE"
      ],
      "saleType": "UNITS",
      "restrictedFlag": false,
      "liquorFlag": false,
      "tobaccoFlag": false,
      "originRegulated": false,
      "singlePrice": {
        "price": 649,
        "comparativePrice": {
          "pricePerUnit": 175,
          "unitQuantity": 100,
          "unitQuantityUom": "ml",
          "measureDescription": "100ml"
        }
      },
      "categoryTrees": [
        {
          "level0": "Kitchen, Dining & Household",
          "level1": "Laundry",
          "level2": "Pre Wash Stain Removers"
        }
      ],
      "cateredFlag": false
    },
    {
      "productId": "5272637-EA-000",
      "brand": "Surf",
      "name": "Tropical Laundry Capsules",
      "displayName": "18pk",
      "availability": [
        "IN_STORE",
        "ONLINE"
      ],
      "saleType": "UNITS",
      "restrictedFlag": false,
      "liquorFlag": false,
      "tobaccoFlag": false,
      "originRegulated": false,
      "marketingInitiatives": [
        {
          "initiativeCode": "AOV"
        }
      ],
      "singlePrice": {
        "price": 699,
        "promoId": "128929777",
        "comparativePrice": {
          "pricePerUnit": 39,
          "unitQuantity": 1,
          "unitQuantityUom": "ea",
          "measureDescription": "ea"
        }
      },
      "promotions": [
        {
          "promoId": "128929777",
          "rewardValue": 699,
          "decal": "6000",
          "sapType": "BASE",
          "rewardType": "NEW_PRICE",
          "threshold": 1,
          "limit": 0,
          "multiProducts": false,
          "cardDependencyFlag": false,
          "bestPromotion": true,
          "comparativePrice": {
            "pricePerUnit": 39,
            "unitQuantity": 1,
            "unitQuantityUom": "ea",
            "measureDescription": "ea"
          }
        }
      ],
      "facets": [
        {
          "itemCode": "00020012",
          "itemDescription": "Non-GMO"
        }
      ],
      "categoryTrees": [
        {
          "level0": "Kitchen, Dining & Household",
          "level1": "Laundry",
          "level2": "Laundry Liquid & Capsules"
        }
      ],
      "cateredFlag": false
    },
    {
      "productId": "5010103-EA-000",
      "brand": "Philips",
      "name": "Softone 60w Soft White Screw Bulb",
      "displayName": "1pk",
      "availability": [
        "IN_STORE",
        "ONLINE"
      ],
      "saleType": "UNITS",
      "restrictedFlag": false,
      "liquorFlag": false,
      "tobaccoFlag": false,
      "originRegulated": false,
      "singlePrice": {
        "price": 159
      },
      "categoryTrees": [
        {
          "level0": "Kitchen, Dining & Household",
          "level1": "Household",
          "level2": "Light Bulbs"
        }
      ],
      "cateredFlag": false
    },
    {
      "productId": "5254074-EA-000",
      "brand": "Samba",
      "name": "Safety Matches",
      "displayName": "3pk",
      "availability": [
        "IN_STORE",
        "ONLINE"
      ],
      "saleType": "UNITS",
      "restrictedFlag": false,
      "liquorFlag": false,
      "tobaccoFlag": false,
      "originRegulated": false,
      "singlePrice": {
        "price": 250,
        "comparativePrice": {
          "pricePerUnit": 83,
          "unitQuantity": 1,
          "unitQuantityUom": "ea",
          "measureDescription": "ea"
        }
      },
      "categoryTrees": [
        {
          "level0": "Kitchen, Dining & Household",
          "level1": "Household",
          "level2": "Fire Needs"
        }
      ],
      "cateredFlag": false
    },
    {
      "productId": "5034295-EA-000",
      "brand": "Earthwise",
      "name": "Orange & Eucalyptus Plant Powered Laundry Liquid",
      "displayName": "2l",
      "availability": [
        "IN_STORE",
        "ONLINE"
      ],
      "saleType": "UNITS",
      "restrictedFlag": false,
      "liquorFlag": false,
      "tobaccoFlag": false,
      "originRegulated": false,
      "singlePrice": {
        "price": 1029,
        "promoId": "128959034",
        "comparativePrice": {
          "pricePerUnit": 51,
          "unitQuantity": 100,
          "unitQuantityUom": "ml",
          "measureDescription": "100ml"
        }
      },
      "promotions": [
        {
          "promoId": "128959034",
          "rewardValue": 1029,
          "decal": "6000",
          "sapType": "BASE",
          "rewardType": "NEW_PRICE",
          "threshold": 1,
          "limit": 0,
          "multiProducts": false,
          "cardDependencyFlag": false,
          "bestPromotion": true,
          "comparativePrice": {
            "pricePerUnit": 51,
            "unitQuantity": 100,
            "unitQuantityUom": "ml",
            "measureDescription": "100ml"
          }
        }
      ],
      "categoryTrees": [
        {
          "level0": "Kitchen, Dining & Household",
          "level1": "Laundry",
          "level2": "Laundry Liquid & Capsules"
        }
      ],
      "cateredFlag": false
    },
    {
      "productId": "5018794-EA-000",
      "brand": "Earthwise",
      "name": "Ultra Sensitive Fragrance Free Plant Powered Laundry Powder",
      "displayName": "2kg",
      "availability": [
        "IN_STORE",
        "ONLINE"
      ],
      "saleType": "UNITS",
      "restrictedFlag": false,
      "liquorFlag": false,
      "tobaccoFlag": false,
      "originRegulated": false,
      "singlePrice": {
        "price": 949,
        "promoId": "128959035",
        "comparativePrice": {
          "pricePerUnit": 47,
          "unitQuantity": 100,
          "unitQuantityUom": "g",
          "measureDescription": "100g"
        }
      },
      "promotions": [
        {
          "promoId": "128959035",
          "rewardValue": 949,
          "decal": "6000",
          "sapType": "BASE",
          "rewardType": "NEW_PRICE",
          "threshold": 1,
          "limit": 0,
          "multiProducts": false,
          "cardDependencyFlag": false,
          "bestPromotion": true,
          "comparativePrice": {
            "pricePerUnit": 47,
            "unitQuantity": 100,
            "unitQuantityUom": "g",
            "measureDescription": "100g"
          }
        }
      ],
      "categoryTrees": [
        {
          "level0": "Kitchen, Dining & Household",
          "level1": "Laundry",
          "level2": "Laundry Powders"
        }
      ],
      "cateredFlag": false
    },
    {
      "productId": "5012296-EA-000",
      "brand": "Fresha",
      "name": "Lemon Dishwash Liquid",
      "displayName": "2l",
      "availability": [
        "IN_STORE",
        "ONLINE"
      ],
      "saleType": "UNITS",
      "restrictedFlag": false,
      "liquorFlag": false,
      "tobaccoFlag": false,
      "originRegulated": false,
      "singlePrice": {
        "price": 429,
        "comparativePrice": {
          "pricePerUnit": 21,
          "unitQuantity": 100,
          "unitQuantityUom": "ml",
          "measureDescription": "100ml"
        }
      },
      "categoryTrees": [
        {
          "level0": "Kitchen, Dining & Household",
          "level1": "Cleaning Products",
          "level2": "Dishwashing Liquid"
        }
      ],
      "cateredFlag": false
    },
    {
      "productId": "5269227-EA-000",
      "brand": "Sistema",
      "name": "Klip It+ Rectangle Container 2.2L",
      "displayName": "1pk",
      "availability": [
        "IN_STORE",
        "ONLINE"
      ],
      "saleType": "UNITS",
      "restrictedFlag": false,
      "liquorFlag": false,
      "tobaccoFlag": false,
      "originRegulated": false,
      "singlePrice": {
        "price": 699
      },
      "categoryTrees": [
        {
          "level0": "Kitchen, Dining & Household",
          "level1": "Household",
          "level2": "Food Storage"
        }
      ],
      "cateredFlag": false
    },
    {
      "productId": "5277736-EA-000",
      "brand": "Best",
      "name": "Sponge Scrubber",
      "displayName": "3pk",
      "availability": [
        "IN_STORE",
        "ONLINE"
      ],
      "saleType": "UNITS",
      "restrictedFlag": false,
      "liquorFlag": false,
      "tobaccoFlag": false,
      "originRegulated": false,
      "singlePrice": {
        "price": 279,
        "promoId": "128929601",
        "comparativePrice": {
          "pricePerUnit": 93,
          "unitQuantity": 1,
          "unitQuantityUom": "ea",
          "measureDescription": "ea"
        }
      },
      "promotions": [
        {
          "promoId": "128929601",
          "rewardValue": 279,
          "decal": "6000",
          "sapType": "BASE",
          "rewardType": "NEW_PRICE",
          "threshold": 1,
          "limit": 0,
          "multiProducts": false,
          "cardDependencyFlag": false,
          "bestPromotion": true,
          "comparativePrice": {
            "pricePerUnit": 93,
            "unitQuantity": 1,
            "unitQuantityUom": "ea",
            "measureDescription": "ea"
          }
        }
      ],
      "categoryTrees": [
        {
          "level0": "Kitchen, Dining & Household",
          "level1": "Cleaning Products",
          "level2": "Cleaning Accessories"
        }
      ],
      "cateredFlag": false
    },
    {
      "productId": "5008300-EA-000",
      "brand": "Surv",
      "name": "Disposable Tumblers",
      "displayName": "10pk",
      "availability": [
        "IN_STORE",
        "ONLINE"
      ],
      "saleType": "UNITS",
      "restrictedFlag": false,
      "liquorFlag": false,
      "tobaccoFlag": false,
      "originRegulated": false,
      "singlePrice": {
        "price": 229,
        "comparativePrice": {
          "pricePerUnit": 23,
          "unitQuantity": 1,
          "unitQuantityUom": "ea",
          "measureDescription": "ea"
        }
      },
      "categoryTrees": [
        {
          "level0": "Kitchen, Dining & Household",
          "level1": "Household",
          "level2": "Disposable Tableware"
        }
      ],
      "cateredFlag": false
    },
    {
      "productId": "5277738-EA-000",
      "brand": "Best",
      "name": "Non-Scratch Sponge Scourers",
      "displayName": "2pk",
      "availability": [
        "IN_STORE",
        "ONLINE"
      ],
      "saleType": "UNITS",
      "restrictedFlag": false,
      "liquorFlag": false,
      "tobaccoFlag": false,
      "originRegulated": false,
      "singlePrice": {
        "price": 299,
        "comparativePrice": {
          "pricePerUnit": 150,
          "unitQuantity": 1,
          "unitQuantityUom": "ea",
          "measureDescription": "ea"
        }
      },
      "categoryTrees": [
        {
          "level0": "Kitchen, Dining & Household",
          "level1": "Cleaning Products",
          "level2": "Cleaning Accessories"
        }
      ],
      "cateredFlag": false
    },
    {
      "productId": "5023399-EA-000",
      "brand": "Protec",
      "name": "Powder Free Medium Disposable Vinyl Gloves",
      "displayName": "100pk",
      "availability": [
        "IN_STORE",
        "ONLINE"
      ],
      "saleType": "UNITS",
      "restrictedFlag": false,
      "liquorFlag": false,
      "tobaccoFlag": false,
      "originRegulated": false,
      "singlePrice": {
        "price": 899,
        "comparativePrice": {
          "pricePerUnit": 899,
          "unitQuantity": 100,
          "unitQuantityUom": " ",
          "measureDescription": "100"
        }
      },
      "categoryTrees": [
        {
          "level0": "Kitchen, Dining & Household",
          "level1": "Cleaning Products",
          "level2": "Cleaning Accessories"
        }
      ],
      "cateredFlag": false
    },
    {
      "productId": "5086474-EA-000",
      "brand": "Persil",
      "name": "Sensitive Laundry Powder",
      "displayName": "4kg",
      "availability": [
        "IN_STORE",
        "ONLINE"
      ],
      "saleType": "UNITS",
      "restrictedFlag": false,
      "liquorFlag": false,
      "tobaccoFlag": false,
      "originRegulated": false,
      "singlePrice": {
        "price": 2299,
        "promoId": "128929770",
        "comparativePrice": {
          "pricePerUnit": 57,
          "unitQuantity": 100,
          "unitQuantityUom": "g",
          "measureDescription": "100g"
        }
      },
      "promotions": [
        {
          "promoId": "128929770",
          "rewardValue": 2299,
          "decal": "6000",
          "sapType": "BASE",
          "rewardType": "NEW_PRICE",
          "threshold": 1,
          "limit": 0,
          "multiProducts": false,
          "cardDependencyFlag": false,
          "bestPromotion": true,
          "comparativePrice": {
            "pricePerUnit": 57,
            "unitQuantity": 100,
            "unitQuantityUom": "g",
            "measureDescription": "100g"
          }
        }
      ],
      "facets": [
        {
          "itemCode": "00020012",
          "itemDescription": "Non-GMO"
        }
      ],
      "categoryTrees": [
        {
          "level0": "Kitchen, Dining & Household",
          "level1": "Laundry",
          "level2": "Laundry Powders"
        }
      ],
      "cateredFlag": false
    },
    {
      "productId": "5270117-EA-000",
      "brand": "Cuddly",
      "name": "Concentrate Complete Care Wild Rose Fabric Conditioner",
      "displayName": "850ml",
      "availability": [
        "IN_STORE",
        "ONLINE"
      ],
      "saleType": "UNITS",
      "restrictedFlag": false,
      "liquorFlag": false,
      "tobaccoFlag": false,
      "originRegulated": false,
      "singlePrice": {
        "price": 899,
        "comparativePrice": {
          "pricePerUnit": 106,
          "unitQuantity": 100,
          "unitQuantityUom": "ml",
          "measureDescription": "100ml"
        }
      },
      "categoryTrees": [
        {
          "level0": "Kitchen, Dining & Household",
          "level1": "Laundry",
          "level2": "Fabric Softeners"
        }
      ],
      "cateredFlag": false
    },
    {
      "productId": "5002844-EA-000",
      "brand": "Eveready",
      "name": "Super Heavy Duty AAA Battery",
      "displayName": "4pk",
      "availability": [
        "IN_STORE",
        "ONLINE"
      ],
      "saleType": "UNITS",
      "restrictedFlag": false,
      "liquorFlag": false,
      "tobaccoFlag": false,
      "originRegulated": false,
      "singlePrice": {
        "price": 629,
        "comparativePrice": {
          "pricePerUnit": 157,
          "unitQuantity": 1,
          "unitQuantityUom": "ea",
          "measureDescription": "ea"
        }
      },
      "categoryTrees": [
        {
          "level0": "Kitchen, Dining & Household",
          "level1": "Household",
          "level2": "Batteries"
        }
      ],
      "cateredFlag": false
    },
    {
      "productId": "5000334-EA-000",
      "brand": "Warwick",
      "name": "3B1 Notebook",
      "displayName": "1pk",
      "availability": [
        "IN_STORE",
        "ONLINE"
      ],
      "saleType": "UNITS",
      "restrictedFlag": false,
      "liquorFlag": false,
      "tobaccoFlag": false,
      "originRegulated": false,
      "singlePrice": {
        "price": 69
      },
      "categoryTrees": [
        {
          "level0": "Kitchen, Dining & Household",
          "level1": "Stationery & Entertainment",
          "level2": "Stationery & Craft"
        }
      ],
      "cateredFlag": false
    },
    {
      "productId": "5211907-EA-000",
      "brand": "Eveready",
      "name": "Gold Alkaline AA Battery",
      "displayName": "10pk",
      "availability": [
        "IN_STORE",
        "ONLINE"
      ],
      "saleType": "UNITS",
      "restrictedFlag": false,
      "liquorFlag": false,
      "tobaccoFlag": false,
      "originRegulated": false,
      "singlePrice": {
        "price": 1789,
        "comparativePrice": {
          "pricePerUnit": 179,
          "unitQuantity": 1,
          "unitQuantityUom": "ea",
          "measureDescription": "ea"
        }
      },
      "categoryTrees": [
        {
          "level0": "Kitchen, Dining & Household",
          "level1": "Household",
          "level2": "Batteries"
        }
      ],
      "cateredFlag": false
    },
    {
      "productId": "5282256-EA-000",
      "brand": "Ecostore",
      "name": "Jasmine & Harakeke Dish Liquid",
      "displayName": "1l",
      "availability": [
        "IN_STORE",
        "ONLINE"
      ],
      "saleType": "UNITS",
      "restrictedFlag": false,
      "liquorFlag": false,
      "tobaccoFlag": false,
      "originRegulated": false,
      "singlePrice": {
        "price": 699,
        "promoId": "128977767",
        "comparativePrice": {
          "pricePerUnit": 70,
          "unitQuantity": 100,
          "unitQuantityUom": "ml",
          "measureDescription": "100ml"
        }
      },
      "promotions": [
        {
          "promoId": "128977767",
          "rewardValue": 699,
          "decal": "6000",
          "sapType": "BASE",
          "rewardType": "NEW_PRICE",
          "threshold": 1,
          "limit": 0,
          "multiProducts": false,
          "cardDependencyFlag": false,
          "bestPromotion": true,
          "comparativePrice": {
            "pricePerUnit": 70,
            "unitQuantity": 100,
            "unitQuantityUom": "ml",
            "measureDescription": "100ml"
          }
        }
      ],
      "categoryTrees": [
        {
          "level0": "Kitchen, Dining & Household",
          "level1": "Cleaning Products",
          "level2": "Dishwashing Liquid"
        }
      ],
      "cateredFlag": false
    },
    {
      "productId": "5023401-EA-000",
      "brand": "Protec",
      "name": "Powder Free Large Disposable Vinyl Gloves",
      "displayName": "100pk",
      "availability": [
        "IN_STORE",
        "ONLINE"
      ],
      "saleType": "UNITS",
      "restrictedFlag": false,
      "liquorFlag": false,
      "tobaccoFlag": false,
      "originRegulated": false,
      "singlePrice": {
        "price": 899,
        "comparativePrice": {
          "pricePerUnit": 899,
          "unitQuantity": 100,
          "unitQuantityUom": " ",
          "measureDescription": "100"
        }
      },
      "categoryTrees": [
        {
          "level0": "Kitchen, Dining & Household",
          "level1": "Cleaning Products",
          "level2": "Cleaning Accessories"
        }
      ],
      "cateredFlag": false
    },
    {
      "productId": "5242589-EA-000",
      "brand": "Best",
      "name": "Dual Action Sponge Scourers",
      "displayName": "2pk",
      "availability": [
        "IN_STORE",
        "ONLINE"
      ],
      "saleType": "UNITS",
      "restrictedFlag": false,
      "liquorFlag": false,
      "tobaccoFlag": false,
      "originRegulated": false,
      "singlePrice": {
        "price": 299,
        "comparativePrice": {
          "pricePerUnit": 150,
          "unitQuantity": 1,
          "unitQuantityUom": "ea",
          "measureDescription": "ea"
        }
      },
      "categoryTrees": [
        {
          "level0": "Kitchen, Dining & Household",
          "level1": "Cleaning Products",
          "level2": "Cleaning Accessories"
        }
      ],
      "cateredFlag": false
    },
    {
      "productId": "5025140-EA-000",
      "brand": "Energizer",
      "name": "2032 Lithium Coin Battery",
      "displayName": "2pk",
      "availability": [
        "IN_STORE",
        "ONLINE"
      ],
      "saleType": "UNITS",
      "restrictedFlag": false,
      "liquorFlag": false,
      "tobaccoFlag": false,
      "originRegulated": false,
      "singlePrice": {
        "price": 949,
        "comparativePrice": {
          "pricePerUnit": 475,
          "unitQuantity": 1,
          "unitQuantityUom": "ea",
          "measureDescription": "ea"
        }
      },
      "categoryTrees": [
        {
          "level0": "Kitchen, Dining & Household",
          "level1": "Household",
          "level2": "Batteries"
        }
      ],
      "cateredFlag": false
    },
    {
      "productId": "5228784-EA-000",
      "brand": "Air Wick",
      "name": "Pure Cotton Soft Air Freshener",
      "displayName": "159g",
      "availability": [
        "IN_STORE",
        "ONLINE"
      ],
      "saleType": "UNITS",
      "restrictedFlag": false,
      "liquorFlag": false,
      "tobaccoFlag": false,
      "originRegulated": false,
      "singlePrice": {
        "price": 649,
        "comparativePrice": {
          "pricePerUnit": 408,
          "unitQuantity": 100,
          "unitQuantityUom": "g",
          "measureDescription": "100g"
        }
      },
      "categoryTrees": [
        {
          "level0": "Kitchen, Dining & Household",
          "level1": "Household",
          "level2": "Air Fresheners & Deodorisers"
        }
      ],
      "cateredFlag": false
    },
    {
      "productId": "5002848-EA-000",
      "brand": "Goldilocks",
      "name": "Brass Multi-Purpose Pad",
      "displayName": "2pk",
      "availability": [
        "IN_STORE",
        "ONLINE"
      ],
      "saleType": "UNITS",
      "restrictedFlag": false,
      "liquorFlag": false,
      "tobaccoFlag": false,
      "originRegulated": false,
      "singlePrice": {
        "price": 839,
        "comparativePrice": {
          "pricePerUnit": 420,
          "unitQuantity": 1,
          "unitQuantityUom": "ea",
          "measureDescription": "ea"
        }
      },
      "categoryTrees": [
        {
          "level0": "Kitchen, Dining & Household",
          "level1": "Cleaning Products",
          "level2": "Cleaning Accessories"
        }
      ],
      "cateredFlag": false
    },
    {
      "productId": "5021141-EA-000",
      "brand": "The New Zealand Herald",
      "name": "Newspaper (Saturday)",
      "displayName": "ea",
      "availability": [
        "IN_STORE",
        "ONLINE"
      ],
      "saleType": "UNITS",
      "restrictedFlag": false,
      "liquorFlag": false,
      "tobaccoFlag": false,
      "originRegulated": false,
      "singlePrice": {
        "price": 520
      },
      "categoryTrees": [
        {
          "level0": "Kitchen, Dining & Household",
          "level1": "Stationery & Entertainment",
          "level2": "Newspapers"
        }
      ],
      "cateredFlag": false
    },
    {
      "productId": "5093944-EA-000",
      "brand": "Value",
      "name": "Paper Dinner Plates 9inch",
      "displayName": "50pk",
      "availability": [
        "IN_STORE",
        "ONLINE"
      ],
      "saleType": "UNITS",
      "restrictedFlag": false,
      "liquorFlag": false,
      "tobaccoFlag": false,
      "originRegulated": false,
      "singlePrice": {
        "price": 779,
        "comparativePrice": {
          "pricePerUnit": 1558,
          "unitQuantity": 100,
          "unitQuantityUom": " ",
          "measureDescription": "100"
        }
      },
      "facets": [
        {
          "itemCode": "00020007",
          "itemDescription": "Dairy Free"
        }
      ],
      "categoryTrees": [
        {
          "level0": "Kitchen, Dining & Household",
          "level1": "Household",
          "level2": "Disposable Tableware"
        }
      ],
      "cateredFlag": false
    },
    {
      "productId": "5008293-EA-000",
      "brand": "Surv",
      "name": "Dinner Plates Biodegradable 26cm",
      "displayName": "10pk",
      "availability": [
        "IN_STORE",
        "ONLINE"
      ],
      "saleType": "UNITS",
      "restrictedFlag": false,
      "liquorFlag": false,
      "tobaccoFlag": false,
      "originRegulated": false,
      "singlePrice": {
        "price": 339,
        "comparativePrice": {
          "pricePerUnit": 34,
          "unitQuantity": 1,
          "unitQuantityUom": "ea",
          "measureDescription": "ea"
        }
      },
      "categoryTrees": [
        {
          "level0": "Kitchen, Dining & Household",
          "level1": "Household",
          "level2": "Disposable Tableware"
        }
      ],
      "cateredFlag": false
    },
    {
      "productId": "5273844-EA-000",
      "brand": "Cold Power",
      "name": "Advanced Clean Laundry Detergent Liquid",
      "displayName": "4l",
      "availability": [
        "IN_STORE",
        "ONLINE"
      ],
      "saleType": "UNITS",
      "restrictedFlag": false,
      "liquorFlag": false,
      "tobaccoFlag": false,
      "originRegulated": false,
      "singlePrice": {
        "price": 2099,
        "promoId": "128943608",
        "comparativePrice": {
          "pricePerUnit": 52,
          "unitQuantity": 100,
          "unitQuantityUom": "ml",
          "measureDescription": "100ml"
        }
      },
      "promotions": [
        {
          "promoId": "128943608",
          "rewardValue": 2099,
          "decal": "6000",
          "sapType": "BASE",
          "rewardType": "NEW_PRICE",
          "threshold": 1,
          "limit": 0,
          "multiProducts": false,
          "cardDependencyFlag": false,
          "bestPromotion": true,
          "comparativePrice": {
            "pricePerUnit": 52,
            "unitQuantity": 100,
            "unitQuantityUom": "ml",
            "measureDescription": "100ml"
          }
        }
      ],
      "categoryTrees": [
        {
          "level0": "Kitchen, Dining & Household",
          "level1": "Laundry",
          "level2": "Laundry Liquid & Capsules"
        }
      ],
      "cateredFlag": false
    },
    {
      "productId": "5237496-EA-000",
      "brand": "Harpic",
      "name": "Blue Power Atlantic Burst Toilet Block Cleaner",
      "displayName": "2pk",
      "availability": [
        "IN_STORE",
        "ONLINE"
      ],
      "saleType": "UNITS",
      "restrictedFlag": false,
      "liquorFlag": false,
      "tobaccoFlag": false,
      "originRegulated": false,
      "singlePrice": {
        "price": 499,
        "promoId": "128929738",
        "comparativePrice": {
          "pricePerUnit": 250,
          "unitQuantity": 1,
          "unitQuantityUom": "ea",
          "measureDescription": "ea"
        }
      },
      "promotions": [
        {
          "promoId": "128929738",
          "rewardValue": 499,
          "decal": "6000",
          "sapType": "BASE",
          "rewardType": "NEW_PRICE",
          "threshold": 1,
          "limit": 0,
          "multiProducts": false,
          "cardDependencyFlag": false,
          "bestPromotion": true,
          "comparativePrice": {
            "pricePerUnit": 250,
            "unitQuantity": 1,
            "unitQuantityUom": "ea",
            "measureDescription": "ea"
          }
        }
      ],
      "categoryTrees": [
        {
          "level0": "Kitchen, Dining & Household",
          "level1": "Cleaning Products",
          "level2": "Bathroom & Shower Cleaners"
        }
      ],
      "cateredFlag": false
    },
    {
      "productId": "5016411-EA-000",
      "brand": "Active",
      "name": "Regular Rinse Aid",
      "displayName": "500ml",
      "availability": [
        "IN_STORE",
        "ONLINE"
      ],
      "saleType": "UNITS",
      "restrictedFlag": false,
      "liquorFlag": false,
      "tobaccoFlag": false,
      "originRegulated": false,
      "singlePrice": {
        "price": 699,
        "promoId": "128929939",
        "comparativePrice": {
          "pricePerUnit": 140,
          "unitQuantity": 100,
          "unitQuantityUom": "ml",
          "measureDescription": "100ml"
        }
      },
      "promotions": [
        {
          "promoId": "128929939",
          "rewardValue": 699,
          "decal": "6000",
          "sapType": "BASE",
          "rewardType": "NEW_PRICE",
          "threshold": 1,
          "limit": 0,
          "multiProducts": false,
          "cardDependencyFlag": false,
          "bestPromotion": true,
          "comparativePrice": {
            "pricePerUnit": 140,
            "unitQuantity": 100,
            "unitQuantityUom": "ml",
            "measureDescription": "100ml"
          }
        }
      ],
      "categoryTrees": [
        {
          "level0": "Kitchen, Dining & Household",
          "level1": "Cleaning Products",
          "level2": "Dishwasher Rinse & Clean"
        }
      ],
      "cateredFlag": false
    },
    {
      "productId": "5012467-EA-000",
      "brand": "Clorogene",
      "name": "Bleach",
      "displayName": "750ml",
      "availability": [
        "IN_STORE",
        "ONLINE"
      ],
      "saleType": "UNITS",
      "restrictedFlag": false,
      "liquorFlag": false,
      "tobaccoFlag": false,
      "originRegulated": false,
      "singlePrice": {
        "price": 229,
        "comparativePrice": {
          "pricePerUnit": 31,
          "unitQuantity": 100,
          "unitQuantityUom": "ml",
          "measureDescription": "100ml"
        }
      },
      "categoryTrees": [
        {
          "level0": "Kitchen, Dining & Household",
          "level1": "Cleaning Products",
          "level2": "Bleaches"
        }
      ],
      "cateredFlag": false
    },
    {
      "productId": "5241897-EA-000",
      "brand": "Effects",
      "name": "Assorted New Zealand Theme Eco Jute Bags",
      "displayName": "1pk",
      "availability": [
        "IN_STORE",
        "ONLINE"
      ],
      "saleType": "UNITS",
      "restrictedFlag": false,
      "liquorFlag": false,
      "tobaccoFlag": false,
      "originRegulated": false,
      "singlePrice": {
        "price": 829
      },
      "categoryTrees": [
        {
          "level0": "Kitchen, Dining & Household",
          "level1": "Household",
          "level2": "Homeware"
        }
      ],
      "cateredFlag": false
    },
    {
      "productId": "5007928-EA-000",
      "brand": "Glad",
      "name": "Wrap With Slide Safe Cutter 290mm Wide",
      "displayName": "200m",
      "availability": [
        "IN_STORE",
        "ONLINE"
      ],
      "saleType": "UNITS",
      "restrictedFlag": false,
      "liquorFlag": false,
      "tobaccoFlag": false,
      "originRegulated": false,
      "singlePrice": {
        "price": 1549,
        "comparativePrice": {
          "pricePerUnit": 8,
          "unitQuantity": 1,
          "unitQuantityUom": "m",
          "measureDescription": "1m"
        }
      },
      "categoryTrees": [
        {
          "level0": "Kitchen, Dining & Household",
          "level1": "Household",
          "level2": "Food Wraps & Bags"
        }
      ],
      "cateredFlag": false
    },
    {
      "productId": "5015948-EA-000",
      "brand": "Energizer",
      "name": "Max AAA Battery",
      "displayName": "8pk",
      "availability": [
        "IN_STORE",
        "ONLINE"
      ],
      "saleType": "UNITS",
      "restrictedFlag": false,
      "liquorFlag": false,
      "tobaccoFlag": false,
      "originRegulated": false,
      "singlePrice": {
        "price": 1599,
        "promoId": "128806322",
        "comparativePrice": {
          "pricePerUnit": 200,
          "unitQuantity": 1,
          "unitQuantityUom": "ea",
          "measureDescription": "ea"
        }
      },
      "promotions": [
        {
          "promoId": "128806322",
          "rewardValue": 1599,
          "decal": "7000",
          "sapType": "BASE",
          "rewardType": "NEW_PRICE",
          "threshold": 1,
          "limit": 0,
          "multiProducts": false,
          "cardDependencyFlag": false,
          "bestPromotion": true,
          "comparativePrice": {
            "pricePerUnit": 200,
            "unitQuantity": 1,
            "unitQuantityUom": "ea",
            "measureDescription": "ea"
          }
        }
      ],
      "categoryTrees": [
        {
          "level0": "Kitchen, Dining & Household",
          "level1": "Household",
          "level2": "Batteries"
        }
      ],
      "cateredFlag": false
    },
    {
      "productId": "5029798-EA-000",
      "brand": "That's Life",
      "name": "Std Magazine",
      "displayName": "ea",
      "availability": [
        "IN_STORE",
        "ONLINE"
      ],
      "saleType": "UNITS",
      "restrictedFlag": false,
      "liquorFlag": false,
      "tobaccoFlag": false,
      "originRegulated": false,
      "singlePrice": {
        "price": 480
      },
      "categoryTrees": [
        {
          "level0": "Kitchen, Dining & Household",
          "level1": "Stationery & Entertainment",
          "level2": "Magazines"
        }
      ],
      "cateredFlag": false
    },
    {
      "productId": "5250072-EA-000",
      "brand": "Duck",
      "name": "Citrus Toilet Foaming Bleach Gel",
      "displayName": "750ml",
      "availability": [
        "IN_STORE",
        "ONLINE"
      ],
      "saleType": "UNITS",
      "restrictedFlag": false,
      "liquorFlag": false,
      "tobaccoFlag": false,
      "originRegulated": false,
      "singlePrice": {
        "price": 429,
        "promoId": "128974071",
        "comparativePrice": {
          "pricePerUnit": 57,
          "unitQuantity": 100,
          "unitQuantityUom": "ml",
          "measureDescription": "100ml"
        }
      },
      "promotions": [
        {
          "promoId": "128974071",
          "rewardValue": 429,
          "decal": "7000",
          "sapType": "BASE",
          "rewardType": "NEW_PRICE",
          "threshold": 1,
          "limit": 0,
          "multiProducts": false,
          "cardDependencyFlag": false,
          "bestPromotion": true,
          "comparativePrice": {
            "pricePerUnit": 57,
            "unitQuantity": 100,
            "unitQuantityUom": "ml",
            "measureDescription": "100ml"
          }
        }
      ],
      "categoryTrees": [
        {
          "level0": "Kitchen, Dining & Household",
          "level1": "Cleaning Products",
          "level2": "Bathroom & Shower Cleaners"
        }
      ],
      "cateredFlag": false
    },
    {
      "productId": "5014599-EA-000",
      "brand": "Fluffy",
      "name": "Field Flowers Fabric Softener Dryer Sheets",
      "displayName": "40pk",
      "availability": [
        "IN_STORE",
        "ONLINE"
      ],
      "saleType": "UNITS",
      "restrictedFlag": false,
      "liquorFlag": false,
      "tobaccoFlag": false,
      "originRegulated": false,
      "singlePrice": {
        "price": 849,
        "comparativePrice": {
          "pricePerUnit": 21,
          "unitQuantity": 1,
          "unitQuantityUom": "ea",
          "measureDescription": "ea"
        }
      },
      "categoryTrees": [
        {
          "level0": "Kitchen, Dining & Household",
          "level1": "Laundry",
          "level2": "Fabric Softeners"
        }
      ],
      "cateredFlag": false
    },
    {
      "productId": "5250881-EA-000",
      "brand": "Air Wick",
      "name": "Pure Air Freshener Spray Fresh Berry",
      "displayName": "159g",
      "availability": [
        "IN_STORE",
        "ONLINE"
      ],
      "saleType": "UNITS",
      "restrictedFlag": false,
      "liquorFlag": false,
      "tobaccoFlag": false,
      "originRegulated": false,
      "singlePrice": {
        "price": 649,
        "comparativePrice": {
          "pricePerUnit": 408,
          "unitQuantity": 100,
          "unitQuantityUom": "g",
          "measureDescription": "100g"
        }
      },
      "categoryTrees": [
        {
          "level0": "Kitchen, Dining & Household",
          "level1": "Household",
          "level2": "Air Fresheners & Deodorisers"
        }
      ],
      "cateredFlag": false
    },
    {
      "productId": "5287215-EA-000",
      "brand": "Surf",
      "name": "Aqua Fresh Laundry Capsules",
      "displayName": "30pk",
      "availability": [
        "IN_STORE",
        "ONLINE"
      ],
      "saleType": "UNITS",
      "restrictedFlag": false,
      "liquorFlag": false,
      "tobaccoFlag": false,
      "originRegulated": false,
      "singlePrice": {
        "price": 1439,
        "comparativePrice": {
          "pricePerUnit": 48,
          "unitQuantity": 1,
          "unitQuantityUom": "ea",
          "measureDescription": "ea"
        }
      },
      "facets": [
        {
          "itemCode": "00020012",
          "itemDescription": "Non-GMO"
        }
      ],
      "categoryTrees": [
        {
          "level0": "Kitchen, Dining & Household",
          "level1": "Laundry",
          "level2": "Laundry Soap"
        },
        {
          "level0": "Kitchen, Dining & Household",
          "level1": "Laundry",
          "level2": "Laundry Liquid & Capsules"
        }
      ],
      "cateredFlag": false
    },
    {
      "productId": "5000991-EA-000",
      "brand": "Chux",
      "name": "Multi Purpose Regular Super Cloth",
      "displayName": "1pk",
      "availability": [
        "IN_STORE",
        "ONLINE"
      ],
      "saleType": "UNITS",
      "restrictedFlag": false,
      "liquorFlag": false,
      "tobaccoFlag": false,
      "originRegulated": false,
      "singlePrice": {
        "price": 299,
        "promoId": "128929652"
      },
      "promotions": [
        {
          "promoId": "128929652",
          "rewardValue": 299,
          "decal": "6000",
          "sapType": "BASE",
          "rewardType": "NEW_PRICE",
          "threshold": 1,
          "limit": 0,
          "multiProducts": false,
          "cardDependencyFlag": false,
          "bestPromotion": true
        }
      ],
      "categoryTrees": [
        {
          "level0": "Kitchen, Dining & Household",
          "level1": "Cleaning Products",
          "level2": "Cleaning Accessories"
        }
      ],
      "cateredFlag": false
    },
    {
      "productId": "5002849-EA-000",
      "brand": "Chux",
      "name": "Superwipes Original Cleaning Cloths",
      "displayName": "10pk",
      "availability": [
        "IN_STORE",
        "ONLINE"
      ],
      "saleType": "UNITS",
      "restrictedFlag": false,
      "liquorFlag": false,
      "tobaccoFlag": false,
      "originRegulated": false,
      "singlePrice": {
        "price": 519,
        "comparativePrice": {
          "pricePerUnit": 52,
          "unitQuantity": 1,
          "unitQuantityUom": "ea",
          "measureDescription": "ea"
        }
      },
      "categoryTrees": [
        {
          "level0": "Kitchen, Dining & Household",
          "level1": "Cleaning Products",
          "level2": "Cleaning Accessories"
        }
      ],
      "cateredFlag": false
    },
    {
      "productId": "5028422-EA-000",
      "brand": "New Zealand Listener",
      "name": "Magazine",
      "displayName": "ea",
      "availability": [
        "IN_STORE",
        "ONLINE"
      ],
      "saleType": "UNITS",
      "restrictedFlag": false,
      "liquorFlag": false,
      "tobaccoFlag": false,
      "originRegulated": false,
      "singlePrice": {
        "price": 749
      },
      "categoryTrees": [
        {
          "level0": "Kitchen, Dining & Household",
          "level1": "Stationery & Entertainment",
          "level2": "Magazines"
        }
      ],
      "cateredFlag": false
    },
    {
      "productId": "5002854-EA-000",
      "brand": "Steelo",
      "name": "Soap Steel Wool Pads",
      "displayName": "5pk",
      "availability": [
        "IN_STORE",
        "ONLINE"
      ],
      "saleType": "UNITS",
      "restrictedFlag": false,
      "liquorFlag": false,
      "tobaccoFlag": false,
      "originRegulated": false,
      "singlePrice": {
        "price": 499,
        "promoId": "128929715",
        "comparativePrice": {
          "pricePerUnit": 100,
          "unitQuantity": 1,
          "unitQuantityUom": "ea",
          "measureDescription": "ea"
        }
      },
      "promotions": [
        {
          "promoId": "128929715",
          "rewardValue": 499,
          "decal": "6000",
          "sapType": "BASE",
          "rewardType": "NEW_PRICE",
          "threshold": 1,
          "limit": 0,
          "multiProducts": false,
          "cardDependencyFlag": false,
          "bestPromotion": true,
          "comparativePrice": {
            "pricePerUnit": 100,
            "unitQuantity": 1,
            "unitQuantityUom": "ea",
            "measureDescription": "ea"
          }
        }
      ],
      "categoryTrees": [
        {
          "level0": "Kitchen, Dining & Household",
          "level1": "Cleaning Products",
          "level2": "Cleaning Accessories"
        }
      ],
      "cateredFlag": false
    },
    {
      "productId": "5009574-EA-000",
      "brand": "Glade",
      "name": "Shake N Vac Wild Lavender Carpet Freshener",
      "displayName": "550g",
      "availability": [
        "IN_STORE",
        "ONLINE"
      ],
      "saleType": "UNITS",
      "restrictedFlag": false,
      "liquorFlag": false,
      "tobaccoFlag": false,
      "originRegulated": false,
      "singlePrice": {
        "price": 699,
        "promoId": "128974053",
        "comparativePrice": {
          "pricePerUnit": 127,
          "unitQuantity": 100,
          "unitQuantityUom": "g",
          "measureDescription": "100g"
        }
      },
      "promotions": [
        {
          "promoId": "128974053",
          "rewardValue": 699,
          "decal": "7000",
          "sapType": "BASE",
          "rewardType": "NEW_PRICE",
          "threshold": 1,
          "limit": 0,
          "multiProducts": false,
          "cardDependencyFlag": false,
          "bestPromotion": true,
          "comparativePrice": {
            "pricePerUnit": 127,
            "unitQuantity": 100,
            "unitQuantityUom": "g",
            "measureDescription": "100g"
          }
        }
      ],
      "facets": [
        {
          "itemCode": "00020012",
          "itemDescription": "Non-GMO"
        }
      ],
      "categoryTrees": [
        {
          "level0": "Kitchen, Dining & Household",
          "level1": "Cleaning Products",
          "level2": "Carpet & Floor Cleaners"
        }
      ],
      "cateredFlag": false
    },
    {
      "productId": "5239678-EA-000",
      "brand": "Mr Muscle",
      "name": "Fresh Bathroom Cleaner",
      "displayName": "500ml",
      "availability": [
        "IN_STORE",
        "ONLINE"
      ],
      "saleType": "UNITS",
      "restrictedFlag": false,
      "liquorFlag": false,
      "tobaccoFlag": false,
      "originRegulated": false,
      "singlePrice": {
        "price": 399,
        "promoId": "128974063",
        "comparativePrice": {
          "pricePerUnit": 80,
          "unitQuantity": 100,
          "unitQuantityUom": "ml",
          "measureDescription": "100ml"
        }
      },
      "promotions": [
        {
          "promoId": "128974063",
          "rewardValue": 399,
          "decal": "7000",
          "sapType": "BASE",
          "rewardType": "NEW_PRICE",
          "threshold": 1,
          "limit": 0,
          "multiProducts": false,
          "cardDependencyFlag": false,
          "bestPromotion": true,
          "comparativePrice": {
            "pricePerUnit": 80,
            "unitQuantity": 100,
            "unitQuantityUom": "ml",
            "measureDescription": "100ml"
          }
        }
      ],
      "categoryTrees": [
        {
          "level0": "Kitchen, Dining & Household",
          "level1": "Cleaning Products",
          "level2": "Bathroom & Shower Cleaners"
        }
      ],
      "cateredFlag": false
    }
  ],
  "algoliaSearchResult": {
    "facets": {
      "brand": {
        "Pams": 95,
        "Value": 63,
        "Korbond": 59,
        "Effects": 57,
        "Energizer": 48,
        "Sistema": 36,
        "Air Wick": 34,
        "Philips": 33,
        "Bic": 28,
        "Glade": 27,
        "Harpic": 25,
        "Dettol": 24,
        "Persil": 24,
        "Finish": 23,
        "Mortein": 23,
        "Surv": 23,
        "Duck": 21,
        "Eveready": 20,
        "Chux": 18,
        "Homeliving": 18,
        "Kate's Kitchen": 17,
        "Vanish": 17,
        "Zuru": 17,
        "Surf": 15,
        "Botanica": 13,
        "Raid": 13,
        "Real Value": 13,
        "Best": 12,
        "The Gardener": 12,
        "Big Black Sacks": 11,
        "Earthwise": 11,
        "Ja-Ru": 11,
        "Mr Muscle": 11,
        "Warwick": 11,
        "Ajax": 10,
        "Ecostore": 10,
        "Sellotape": 10,
        "Snazzee": 10,
        "Wonderdryer": 10,
        "Easy-Off": 9,
        "Fix It Today": 9,
        "Fluffy": 9,
        "Jackson": 9,
        "Antares": 7,
        "Cussons Morning Fresh": 7,
        "Decor": 7,
        "Holdfast": 7,
        "Sorbent": 7,
        "Ansell": 6,
        "Cuddly": 6,
        "Filta": 6,
        "Jif": 6,
        "Paseo": 6,
        "Sabco": 6,
        "Samba": 6,
        "Spring Fresh": 6,
        "3M": 5,
        "Active": 5,
        "Gorilla": 5,
        "Janola": 5,
        "Ziploc": 5,
        "Fab": 4,
        "Footcare": 4,
        "Justsoundz": 4,
        "Pams Value": 4,
        "Rug Doctor": 4,
        "Sistema TO GO": 4,
        "TV Guide": 4,
        "Tuffy": 4,
        "Wiltshire": 4,
        "Atomic": 3,
        "Boomerang": 3,
        "Cleanery": 3,
        "Collins": 3,
        "Croxley": 3,
        "DampRid": 3,
        "Dixon": 3,
        "Fresha": 3,
        "Glad": 3,
        "Good Change": 3,
        "Happy Birthday": 3,
        "Hot Devil": 3,
        "Kleenex": 3,
        "Mattel": 3,
        "Mono": 3,
        "National Candle": 3,
        "New Idea": 3,
        "No Vac": 3,
        "Ozkleen": 3,
        "Palmolive": 3,
        "Pledge": 3,
        "Purex": 3,
        "Seymours": 3,
        "Smash": 3,
        "Squishmallows": 3,
        "30 Seconds": 2,
        "Armor All": 2,
        "Beehive": 2,
        "Black Flag": 2,
        "Brand Developers": 2
      },
      "category1NI": {
        "Household": 660,
        "Cleaning Products": 338,
        "Stationery & Entertainment": 196,
        "Laundry": 115,
        "Garage & Outdoor": 60,
        "Pams": 45,
        "Baby Care": 1,
        "Dairy & Eggs": 1
      },
      "onPromotion": {
        "21ecaaed-0749-4492-985e-4bb7ba43d59c": 233,
        "48dd98cc-a757-4102-b15d-ea82b4b10571": 194,
        "7d48a781-4f68-4c91-a908-8659e1b22f95": 190,
        "3c5e3145-0767-4066-9349-6c0a1313acc5": 185,
        "dbca5e00-f7f9-43ae-91de-031ad16f8a92": 182,
        "61dd754e-8525-4b9e-9e08-173389eea8a8": 175,
        "49037947-e450-49bf-ba1f-a94551c79a72": 172,
        "c3f9e1a3-fc34-452d-af2e-95349e666ba4": 171,
        "15e6f441-5c1c-4d25-b4ec-1adf918c49c7": 169,
        "b29a98bd-749c-489c-9eef-6aa38e66a29b": 168,
        "b92cc33f-b5a8-4b57-9b82-412946800020": 165,
        "e1925ea7-01bc-4358-ae7c-c6502da5ab12": 165,
        "90082979-fb9f-4305-9c72-83274fc438cc": 164,
        "2ed73be8-936d-4f35-9398-75a707f40a7b": 163,
        "5f167936-79ae-4f6a-b9d2-74afe1bb096b": 163,
        "b2e98a14-c8ca-401e-99ed-edf74570c6f6": 163,
        "d8032da3-c1b9-456e-b626-41ce21f8c67b": 161,
        "5cf0392f-c187-4fc4-a463-eb269d2e8f45": 160,
        "c180a72d-5dbe-4403-b7c7-91655e505492": 160,
        "3bb30799-82ce-4648-8c02-5113228963ed": 157,
        "4a279605-eaa8-470d-bcd4-0a9e3c9ab43b": 155,
        "d6d39eea-889d-4e20-923c-55cab225cf7f": 155,
        "1c388d5e-29ac-4956-b476-cb3431353d2e": 154,
        "715f0e22-95e0-45ce-af3a-07057209976e": 154,
        "01a114de-149c-4f5f-80a1-90cc63f69c6e": 152,
        "be4c4780-218e-425a-a90f-63e21773572b": 150,
        "8cd700ae-d96f-4761-bd7a-805d6b93536d": 149,
        "3404c253-577f-45ca-b301-c98312e46efb": 148,
        "64eab5b1-8d79-45f4-94f1-02b8cf8b6202": 147,
        "8f0d70be-5cb7-464b-99cb-8b0130671895": 146,
        "b39562a4-2b72-43fe-b9ba-eda1d651ad0b": 145,
        "65defcf2-bc15-490e-a84f-1f13b769cd22": 144,
        "6c73764e-b8e6-4e55-ad37-f6a9d207da1f": 144,
        "a7d09522-bee2-41e4-8fe0-0b82b7f342f5": 144,
        "6e6809dd-01bc-45c9-aab1-f01ccd8338b0": 142,
        "714431ab-6e39-4df6-ac77-cfc5c1e25bc8": 139,
        "c2204dae-579e-4b6b-9d42-2e13ceaa6031": 137,
        "33d8d6fc-861a-45ff-9937-5ccdb55eaede": 136,
        "3bfe040b-f0c9-45e0-949b-b9ad5a591d55": 136,
        "60561e46-ece7-43a7-b142-9b14812586e4": 135,
        "d1cd1fdd-8767-46a6-a8d3-c3e0632c2dc8": 135,
        "af385423-d0f1-41f0-9482-ffd10b745143": 134,
        "529d66cc-60e3-432e-b8d1-efc9f2ec4919": 131,
        "98ec3885-ac93-4fcb-807b-59c9055c52c4": 130,
        "92086ded-a55d-4241-a364-7d7ea91531b4": 128,
        "3e82142c-78dc-46f3-82ec-28e65fcf84c9": 127,
        "4fcc1c8e-cc5e-4675-ba25-5e56b579cf69": 127,
        "94ef1985-cab1-4b39-a2f3-230120f03c16": 127,
        "50b1216b-d066-4457-b88b-9bccf97bf6d3": 126,
        "6cda96e1-7d29-44a6-956b-3fcfdecc8184": 120,
        "53989945-1a28-481d-a61c-d6f75f760ada": 114,
        "c0f80e87-16be-4488-9553-da437e8c6c2a": 104,
        "9cd8eb60-3222-4efc-bd7c-50e03e6a81a4": 100,
        "b83029b6-5dd5-449e-8056-26f3943a4e18": 82,
        "076e8177-943b-41fc-a885-ba3d28297acf": 66
      },
      "productFacets": {
        "Non-GMO": 183,
        "Dairy Free": 20,
        "Vegan": 7,
        "Organic": 1
      }
    }
  },
  "totalHits": 1000,
  "page": 5,
  "totalPages": 20,
  "hitsPerPage": 50
}
