{
  "tobaccoProducts": false,
  "products": [
    {
      "productId": "5009902-EA-000",
      "brand": "Janola",
      "name": "Regular Premium Bleach",
      "displayName": "1.25l",
      "availability": [
        "IN_STORE",
        "ONLINE"
      ],
      "saleType": "UNITS",
      "restrictedFlag": false,
      "liquorFlag": false,
      "tobaccoFlag": false,
      "originRegulated": false,
      "singlePrice": {
        "price": 299,
        "comparativePrice": {
          "pricePerUnit": 24,
          "unitQuantity": 100,
          "unitQuantityUom": "ml",
          "measureDescription": "100ml"
        }
      },
      "categoryTrees": [
        {
          "level0": "Kitchen, Dining & Household",
          "level1": "Cleaning Products",
          "level2": "Bleaches"
        }
      ],
      "cateredFlag": false
    },
    {
      "productId": "5010098-EA-000",
      "brand": "Philips",
      "name": "Softone 75W Bayonet Bulb",
      "displayName": "1pk",
      "availability": [
        "IN_STORE",
        "ONLINE"
      ],
      "saleType": "UNITS",
      "restrictedFlag": false,
      "liquorFlag": false,
      "tobaccoFlag": false,
      "originRegulated": false,
      "singlePrice": {
        "price": 159
      },
      "categoryTrees": [
        {
          "level0": "Kitchen, Dining & Household",
          "level1": "Household",
          "level2": "Light Bulbs"
        }
      ],
      "cateredFlag": false
    },
    {
      "productId": "5250073-EA-000",
      "brand": "Cussons Morning Fresh",
      "name": "Lemon Antibacterial Dishwashing Liquid",
      "displayName": "650ml",
      "availability": [
        "IN_STORE",
        "ONLINE"
      ],
      "saleType": "UNITS",
      "restrictedFlag": false,
      "liquorFlag": false,
      "tobaccoFlag": false,
      "originRegulated": false,
      "singlePrice": {
        "price": 379,
        "comparativePrice": {
          "pricePerUnit": 58,
          "unitQuantity": 100,
          "unitQuantityUom": "ml",
          "measureDescription": "100ml"
        }
      },
      "facets": [
        {
          "itemCode": "00020012",
          "itemDescription": "Non-GMO"
        }
      ],
      "categoryTrees": [
        {
          "level0": "Kitchen, Dining & Household",
          "level1": "Cleaning Products",
          "level2": "Dishwashing Liquid"
        }
      ],
      "cateredFlag": false
    },
    {
      "productId": "5086478-EA-000",
      "brand": "Persil",
      "name": "Sensitive Laundry Powder",
      "displayName": "1kg",
      "availability": [
        "IN_STORE",
        "ONLINE"
      ],
      "saleType": "UNITS",
      "restrictedFlag": false,
      "liquorFlag": false,
      "tobaccoFlag": false,
      "originRegulated": false,
      "marketingInitiatives": [
        {
          "initiativeCode": "AOV"
        }
      ],
      "singlePrice": {
        "price": 699,
        "promoId": "128929773",
        "comparativePrice": {
          "pricePerUnit": 70,
          "unitQuantity": 100,
          "unitQuantityUom": "g",
          "measureDescription": "100g"
        }
      },
      "promotions": [
        {
          "promoId": "128929773",
          "rewardValue": 699,
          "decal": "6000",
          "sapType": "BASE",
          "rewardType": "NEW_PRICE",
          "threshold": 1,
          "limit": 0,
          "multiProducts": false,
          "cardDependencyFlag": false,
          "bestPromotion": true,
          "comparativePrice": {
            "pricePerUnit": 70,
            "unitQuantity": 100,
            "unitQuantityUom": "g",
            "measureDescription": "100g"
          }
        }
      ],
      "facets": [
        {
          "itemCode": "00020012",
          "itemDescription": "Non-GMO"
        }
      ],
      "categoryTrees": [
        {
          "level0": "Kitchen, Dining & Household",
          "level1": "Laundry",
          "level2": "Laundry Powders"
        }
      ],
      "cateredFlag": false
    },
    {
      "productId": "5088219-EA-000",
      "brand": "Paseo",
      "name": "Ultra Soft Aloe Vera Cleansing Wipes",
      "displayName": "40pk",
      "availability": [
        "IN_STORE",
        "ONLINE"
      ],
      "saleType": "UNITS",
      "restrictedFlag": false,
      "liquorFlag": false,
      "tobaccoFlag": false,
      "originRegulated": false,
      "singlePrice": {
        "price": 299,
        "promoId": "128944109",
        "comparativePrice": {
          "pricePerUnit": 7,
          "unitQuantity": 1,
          "unitQuantityUom": "ea",
          "measureDescription": "ea"
        }
      },
      "promotions": [
        {
          "promoId": "128944109",
          "rewardValue": 299,
          "decal": "6000",
          "sapType": "BASE",
          "rewardType": "NEW_PRICE",
          "threshold": 1,
          "limit": 0,
          "multiProducts": false,
          "cardDependencyFlag": false,
          "bestPromotion": true,
          "comparativePrice": {
            "pricePerUnit": 7,
            "unitQuantity": 1,
            "unitQuantityUom": "ea",
            "measureDescription": "ea"
          }
        }
      ],
      "categoryTrees": [
        {
          "level0": "Baby, Toddler & Kids",
          "level1": "Baby Care",
          "level2": "Nappies & Changing"
        },
        {
          "level0": "Kitchen, Dining & Household",
          "level1": "Household",
          "level2": "Tissues & Toilet Paper"
        }
      ],
      "cateredFlag": false
    },
    {
      "productId": "5225015-EA-000",
      "brand": "Value",
      "name": "Multi Purpose Cleaning Cloths",
      "displayName": "10pk",
      "availability": [
        "IN_STORE",
        "ONLINE"
      ],
      "saleType": "UNITS",
      "restrictedFlag": false,
      "liquorFlag": false,
      "tobaccoFlag": false,
      "originRegulated": false,
      "singlePrice": {
        "price": 219,
        "comparativePrice": {
          "pricePerUnit": 22,
          "unitQuantity": 1,
          "unitQuantityUom": "ea",
          "measureDescription": "ea"
        }
      },
      "facets": [
        {
          "itemCode": "00020012",
          "itemDescription": "Non-GMO"
        }
      ],
      "categoryTrees": [
        {
          "level0": "Kitchen, Dining & Household",
          "level1": "Cleaning Products",
          "level2": "Cleaning Accessories"
        }
      ],
      "cateredFlag": false
    },
    {
      "productId": "5012248-EA-000",
      "brand": "Ajax",
      "name": "Baking Soda Cream Cleanser",
      "displayName": "375ml",
      "availability": [
        "IN_STORE",
        "ONLINE"
      ],
      "saleType": "UNITS",
      "restrictedFlag": false,
      "liquorFlag": false,
      "tobaccoFlag": false,
      "originRegulated": false,
      "singlePrice": {
        "price": 349,
        "comparativePrice": {
          "pricePerUnit": 93,
          "unitQuantity": 100,
          "unitQuantityUom": "ml",
          "measureDescription": "100ml"
        }
      },
      "categoryTrees": [
        {
          "level0": "Kitchen, Dining & Household",
          "level1": "Cleaning Products",
          "level2": "All Purpose Cleaners"
        }
      ],
      "cateredFlag": false
    },
    {
      "productId": "5012362-EA-000",
      "brand": "Ajax",
      "name": "Spray n' Wipe Lavender & Citrus Antibacterial Disinfectant Cleaner",
      "displayName": "500ml",
      "availability": [
        "IN_STORE",
        "ONLINE"
      ],
      "saleType": "UNITS",
      "restrictedFlag": false,
      "liquorFlag": false,
      "tobaccoFlag": false,
      "originRegulated": false,
      "singlePrice": {
        "price": 379,
        "promoId": "128996530",
        "comparativePrice": {
          "pricePerUnit": 76,
          "unitQuantity": 100,
          "unitQuantityUom": "ml",
          "measureDescription": "100ml"
        }
      },
      "promotions": [
        {
          "promoId": "128996530",
          "rewardValue": 379,
          "decal": "6000",
          "sapType": "BASE",
          "rewardType": "NEW_PRICE",
          "threshold": 1,
          "limit": 0,
          "multiProducts": false,
          "cardDependencyFlag": false,
          "bestPromotion": true,
          "comparativePrice": {
            "pricePerUnit": 76,
            "unitQuantity": 100,
            "unitQuantityUom": "ml",
            "measureDescription": "100ml"
          }
        }
      ],
      "categoryTrees": [
        {
          "level0": "Kitchen, Dining & Household",
          "level1": "Cleaning Products",
          "level2": "All Purpose Cleaners"
        }
      ],
      "cateredFlag": false
    },
    {
      "productId": "5225016-EA-000",
      "brand": "Value",
      "name": "Microfibre Cloths",
      "displayName": "3pk",
      "availability": [
        "IN_STORE",
        "ONLINE"
      ],
      "saleType": "UNITS",
      "restrictedFlag": false,
      "liquorFlag": false,
      "tobaccoFlag": false,
      "originRegulated": false,
      "singlePrice": {
        "price": 209,
        "comparativePrice": {
          "pricePerUnit": 70,
          "unitQuantity": 1,
          "unitQuantityUom": "ea",
          "measureDescription": "ea"
        }
      },
      "facets": [
        {
          "itemCode": "00020012",
          "itemDescription": "Non-GMO"
        }
      ],
      "categoryTrees": [
        {
          "level0": "Kitchen, Dining & Household",
          "level1": "Cleaning Products",
          "level2": "Cleaning Accessories"
        }
      ],
      "cateredFlag": false
    },
    {
      "productId": "5249621-EA-000",
      "brand": "Duck",
      "name": "Pine Deep Action Gel Toilet Cleaner",
      "displayName": "750ml",
      "availability": [
        "IN_STORE",
        "ONLINE"
      ],
      "saleType": "UNITS",
      "restrictedFlag": false,
      "liquorFlag": false,
      "tobaccoFlag": false,
      "originRegulated": false,
      "singlePrice": {
        "price": 419,
        "promoId": "128974068",
        "comparativePrice": {
          "pricePerUnit": 56,
          "unitQuantity": 100,
          "unitQuantityUom": "ml",
          "measureDescription": "100ml"
        }
      },
      "promotions": [
        {
          "promoId": "128974068",
          "rewardValue": 419,
          "decal": "7000",
          "sapType": "BASE",
          "rewardType": "NEW_PRICE",
          "threshold": 1,
          "limit": 0,
          "multiProducts": false,
          "cardDependencyFlag": false,
          "bestPromotion": true,
          "comparativePrice": {
            "pricePerUnit": 56,
            "unitQuantity": 100,
            "unitQuantityUom": "ml",
            "measureDescription": "100ml"
          }
        }
      ],
      "categoryTrees": [
        {
          "level0": "Kitchen, Dining & Household",
          "level1": "Cleaning Products",
          "level2": "Bathroom & Shower Cleaners"
        }
      ],
      "cateredFlag": false
    },
    {
      "productId": "5010670-EA-000",
      "brand": "Glade",
      "name": "Floral Whispers Air Freshener",
      "displayName": "200g",
      "availability": [
        "IN_STORE",
        "ONLINE"
      ],
      "saleType": "UNITS",
      "restrictedFlag": false,
      "liquorFlag": false,
      "tobaccoFlag": false,
      "originRegulated": false,
      "singlePrice": {
        "price": 329,
        "promoId": "128974043",
        "comparativePrice": {
          "pricePerUnit": 165,
          "unitQuantity": 100,
          "unitQuantityUom": "g",
          "measureDescription": "100g"
        }
      },
      "promotions": [
        {
          "promoId": "128974043",
          "rewardValue": 329,
          "decal": "7000",
          "sapType": "BASE",
          "rewardType": "NEW_PRICE",
          "threshold": 1,
          "limit": 0,
          "multiProducts": false,
          "cardDependencyFlag": false,
          "bestPromotion": true,
          "comparativePrice": {
            "pricePerUnit": 165,
            "unitQuantity": 100,
            "unitQuantityUom": "g",
            "measureDescription": "100g"
          }
        }
      ],
      "facets": [
        {
          "itemCode": "00020012",
          "itemDescription": "Non-GMO"
        }
      ],
      "categoryTrees": [
        {
          "level0": "Kitchen, Dining & Household",
          "level1": "Household",
          "level2": "Air Fresheners & Deodorisers"
        }
      ],
      "cateredFlag": false
    },
    {
      "productId": "5207289-EA-000",
      "brand": "Surf",
      "name": "Tropical Laundry Liquid",
      "displayName": "4l",
      "availability": [
        "IN_STORE",
        "ONLINE"
      ],
      "saleType": "UNITS",
      "restrictedFlag": false,
      "liquorFlag": false,
      "tobaccoFlag": false,
      "originRegulated": false,
      "singlePrice": {
        "price": 2399,
        "comparativePrice": {
          "pricePerUnit": 60,
          "unitQuantity": 100,
          "unitQuantityUom": "ml",
          "measureDescription": "100ml"
        }
      },
      "facets": [
        {
          "itemCode": "00020012",
          "itemDescription": "Non-GMO"
        }
      ],
      "categoryTrees": [
        {
          "level0": "Kitchen, Dining & Household",
          "level1": "Laundry",
          "level2": "Laundry Liquid & Capsules"
        }
      ],
      "cateredFlag": false
    },
    {
      "productId": "5009579-EA-000",
      "brand": "Mortein",
      "name": "Fast Knockdown Odourless Fly & Mosquito Killer",
      "displayName": "350g",
      "availability": [
        "IN_STORE",
        "ONLINE"
      ],
      "saleType": "UNITS",
      "restrictedFlag": false,
      "liquorFlag": false,
      "tobaccoFlag": false,
      "originRegulated": false,
      "singlePrice": {
        "price": 649,
        "comparativePrice": {
          "pricePerUnit": 185,
          "unitQuantity": 100,
          "unitQuantityUom": "g",
          "measureDescription": "100g"
        }
      },
      "categoryTrees": [
        {
          "level0": "Kitchen, Dining & Household",
          "level1": "Household",
          "level2": "Pest & Insect Control"
        }
      ],
      "cateredFlag": false
    },
    {
      "productId": "5010668-EA-000",
      "brand": "Glade",
      "name": "Tranquil Lavender Air Freshener",
      "displayName": "200g",
      "availability": [
        "IN_STORE",
        "ONLINE"
      ],
      "saleType": "UNITS",
      "restrictedFlag": false,
      "liquorFlag": false,
      "tobaccoFlag": false,
      "originRegulated": false,
      "singlePrice": {
        "price": 329,
        "promoId": "128974043",
        "comparativePrice": {
          "pricePerUnit": 165,
          "unitQuantity": 100,
          "unitQuantityUom": "g",
          "measureDescription": "100g"
        }
      },
      "promotions": [
        {
          "promoId": "128974043",
          "rewardValue": 329,
          "decal": "7000",
          "sapType": "BASE",
          "rewardType": "NEW_PRICE",
          "threshold": 1,
          "limit": 0,
          "multiProducts": false,
          "cardDependencyFlag": false,
          "bestPromotion": true,
          "comparativePrice": {
            "pricePerUnit": 165,
            "unitQuantity": 100,
            "unitQuantityUom": "g",
            "measureDescription": "100g"
          }
        }
      ],
      "facets": [
        {
          "itemCode": "00020012",
          "itemDescription": "Non-GMO"
        }
      ],
      "categoryTrees": [
        {
          "level0": "Kitchen, Dining & Household",
          "level1": "Household",
          "level2": "Air Fresheners & Deodorisers"
        }
      ],
      "cateredFlag": false
    },
    {
      "productId": "5249620-EA-000",
      "brand": "Duck",
      "name": "Lavender Deep Action Gel Toilet Cleaner",
      "displayName": "750ml",
      "availability": [
        "IN_STORE",
        "ONLINE"
      ],
      "saleType": "UNITS",
      "restrictedFlag": false,
      "liquorFlag": false,
      "tobaccoFlag": false,
      "originRegulated": false,
      "singlePrice": {
        "price": 419,
        "promoId": "128974068",
        "comparativePrice": {
          "pricePerUnit": 56,
          "unitQuantity": 100,
          "unitQuantityUom": "ml",
          "measureDescription": "100ml"
        }
      },
      "promotions": [
        {
          "promoId": "128974068",
          "rewardValue": 419,
          "decal": "7000",
          "sapType": "BASE",
          "rewardType": "NEW_PRICE",
          "threshold": 1,
          "limit": 0,
          "multiProducts": false,
          "cardDependencyFlag": false,
          "bestPromotion": true,
          "comparativePrice": {
            "pricePerUnit": 56,
            "unitQuantity": 100,
            "unitQuantityUom": "ml",
            "measureDescription": "100ml"
          }
        }
      ],
      "categoryTrees": [
        {
          "level0": "Kitchen, Dining & Household",
          "level1": "Cleaning Products",
          "level2": "Bathroom & Shower Cleaners"
        }
      ],
      "cateredFlag": false
    },
    {
      "productId": "5001531-EA-000",
      "brand": "Harpic",
      "name": "Blue Power Tropical Atlantic Burst Scent Toilet Block Cleaner",
      "displayName": "2 x 57g",
      "availability": [
        "IN_STORE",
        "ONLINE"
      ],
      "saleType": "UNITS",
      "restrictedFlag": false,
      "liquorFlag": false,
      "tobaccoFlag": false,
      "originRegulated": false,
      "singlePrice": {
        "price": 349,
        "promoId": "128978498",
        "comparativePrice": {
          "pricePerUnit": 306,
          "unitQuantity": 100,
          "unitQuantityUom": "g",
          "measureDescription": "100g"
        }
      },
      "promotions": [
        {
          "promoId": "128978498",
          "rewardValue": 349,
          "decal": "6000",
          "sapType": "BASE",
          "rewardType": "NEW_PRICE",
          "threshold": 1,
          "limit": 0,
          "multiProducts": false,
          "cardDependencyFlag": false,
          "bestPromotion": true,
          "comparativePrice": {
            "pricePerUnit": 306,
            "unitQuantity": 100,
            "unitQuantityUom": "g",
            "measureDescription": "100g"
          }
        }
      ],
      "categoryTrees": [
        {
          "level0": "Kitchen, Dining & Household",
          "level1": "Cleaning Products",
          "level2": "Bathroom & Shower Cleaners"
        }
      ],
      "cateredFlag": false
    },
    {
      "productId": "5009570-EA-000",
      "brand": "Mr Muscle",
      "name": "Glass Cleaner",
      "displayName": "500ml",
      "availability": [
        "IN_STORE",
        "ONLINE"
      ],
      "saleType": "UNITS",
      "restrictedFlag": false,
      "liquorFlag": false,
      "tobaccoFlag": false,
      "originRegulated": false,
      "singlePrice": {
        "price": 379,
        "promoId": "128974058",
        "comparativePrice": {
          "pricePerUnit": 76,
          "unitQuantity": 100,
          "unitQuantityUom": "ml",
          "measureDescription": "100ml"
        }
      },
      "promotions": [
        {
          "promoId": "128974058",
          "rewardValue": 379,
          "decal": "7000",
          "sapType": "BASE",
          "rewardType": "NEW_PRICE",
          "threshold": 1,
          "limit": 0,
          "multiProducts": false,
          "cardDependencyFlag": false,
          "bestPromotion": true,
          "comparativePrice": {
            "pricePerUnit": 76,
            "unitQuantity": 100,
            "unitQuantityUom": "ml",
            "measureDescription": "100ml"
          }
        }
      ],
      "facets": [
        {
          "itemCode": "00020012",
          "itemDescription": "Non-GMO"
        }
      ],
      "categoryTrees": [
        {
          "level0": "Kitchen, Dining & Household",
          "level1": "Cleaning Products",
          "level2": "Glass Cleaners"
        }
      ],
      "cateredFlag": false
    },
    {
      "productId": "5225156-EA-000",
      "brand": "Value",
      "name": "Non Metallic Mesh Sponge Scourers",
      "displayName": "3pk",
      "availability": [
        "IN_STORE",
        "ONLINE"
      ],
      "saleType": "UNITS",
      "restrictedFlag": false,
      "liquorFlag": false,
      "tobaccoFlag": false,
      "originRegulated": false,
      "singlePrice": {
        "price": 99,
        "comparativePrice": {
          "pricePerUnit": 33,
          "unitQuantity": 1,
          "unitQuantityUom": "ea",
          "measureDescription": "ea"
        }
      },
      "facets": [
        {
          "itemCode": "00020012",
          "itemDescription": "Non-GMO"
        }
      ],
      "categoryTrees": [
        {
          "level0": "Kitchen, Dining & Household",
          "level1": "Cleaning Products",
          "level2": "Cleaning Accessories"
        }
      ],
      "cateredFlag": false
    },
    {
      "productId": "5217331-EA-000",
      "brand": "Ajax",
      "name": "Spray n' Wipe Vanilla & Berries Multipurpose Cleaner",
      "displayName": "475ml",
      "availability": [
        "IN_STORE",
        "ONLINE"
      ],
      "saleType": "UNITS",
      "restrictedFlag": false,
      "liquorFlag": false,
      "tobaccoFlag": false,
      "originRegulated": false,
      "singlePrice": {
        "price": 379,
        "promoId": "128996530",
        "comparativePrice": {
          "pricePerUnit": 80,
          "unitQuantity": 100,
          "unitQuantityUom": "ml",
          "measureDescription": "100ml"
        }
      },
      "promotions": [
        {
          "promoId": "128996530",
          "rewardValue": 379,
          "decal": "6000",
          "sapType": "BASE",
          "rewardType": "NEW_PRICE",
          "threshold": 1,
          "limit": 0,
          "multiProducts": false,
          "cardDependencyFlag": false,
          "bestPromotion": true,
          "comparativePrice": {
            "pricePerUnit": 80,
            "unitQuantity": 100,
            "unitQuantityUom": "ml",
            "measureDescription": "100ml"
          }
        }
      ],
      "categoryTrees": [
        {
          "level0": "Kitchen, Dining & Household",
          "level1": "Cleaning Products",
          "level2": "All Purpose Cleaners"
        }
      ],
      "cateredFlag": false
    },
    {
      "productId": "5028546-EA-000",
      "brand": "Dettol",
      "name": "Crisp Green Apple Multi Purpose Cleaner Antibacterial Spray",
      "displayName": "500ml",
      "availability": [
        "IN_STORE",
        "ONLINE"
      ],
      "saleType": "UNITS",
      "restrictedFlag": false,
      "liquorFlag": false,
      "tobaccoFlag": false,
      "originRegulated": false,
      "singlePrice": {
        "price": 449,
        "promoId": "128929698",
        "comparativePrice": {
          "pricePerUnit": 90,
          "unitQuantity": 100,
          "unitQuantityUom": "ml",
          "measureDescription": "100ml"
        }
      },
      "promotions": [
        {
          "promoId": "128929698",
          "rewardValue": 449,
          "decal": "6000",
          "sapType": "BASE",
          "rewardType": "NEW_PRICE",
          "threshold": 1,
          "limit": 0,
          "multiProducts": false,
          "cardDependencyFlag": false,
          "bestPromotion": true,
          "comparativePrice": {
            "pricePerUnit": 90,
            "unitQuantity": 100,
            "unitQuantityUom": "ml",
            "measureDescription": "100ml"
          }
        }
      ],
      "categoryTrees": [
        {
          "level0": "Kitchen, Dining & Household",
          "level1": "Cleaning Products",
          "level2": "All Purpose Cleaners"
        }
      ],
      "cateredFlag": false
    },
    {
      "productId": "5223485-EA-000",
      "brand": "Value",
      "name": "Standard Dish Brush",
      "displayName": "ea",
      "availability": [
        "IN_STORE",
        "ONLINE"
      ],
      "saleType": "UNITS",
      "restrictedFlag": false,
      "liquorFlag": false,
      "tobaccoFlag": false,
      "originRegulated": false,
      "singlePrice": {
        "price": 129
      },
      "facets": [
        {
          "itemCode": "00020012",
          "itemDescription": "Non-GMO"
        }
      ],
      "categoryTrees": [
        {
          "level0": "Kitchen, Dining & Household",
          "level1": "Cleaning Products",
          "level2": "Cleaning Accessories"
        }
      ],
      "cateredFlag": false
    },
    {
      "productId": "5109962-EA-000",
      "brand": "Big Black Sacks",
      "name": "Kitchen Tidy Liners With Handles Medium 51 x 67cm 28 Litres",
      "displayName": "25pk",
      "availability": [
        "IN_STORE",
        "ONLINE"
      ],
      "saleType": "UNITS",
      "restrictedFlag": false,
      "liquorFlag": false,
      "tobaccoFlag": false,
      "originRegulated": false,
      "singlePrice": {
        "price": 349,
        "comparativePrice": {
          "pricePerUnit": 14,
          "unitQuantity": 1,
          "unitQuantityUom": "ea",
          "measureDescription": "ea"
        }
      },
      "categoryTrees": [
        {
          "level0": "Kitchen, Dining & Household",
          "level1": "Household",
          "level2": "Rubbish & Vacuum Bags"
        }
      ],
      "cateredFlag": false
    },
    {
      "productId": "5001499-EA-000",
      "brand": "Boomerang",
      "name": "Super Slim Filters",
      "displayName": "ea",
      "availability": [
        "IN_STORE",
        "ONLINE"
      ],
      "saleType": "UNITS",
      "restrictedFlag": false,
      "liquorFlag": false,
      "tobaccoFlag": false,
      "originRegulated": false,
      "singlePrice": {
        "price": 115
      },
      "categoryTrees": [
        {
          "level0": "Kitchen, Dining & Household",
          "level1": "Stationery & Entertainment",
          "level2": "Tobacco Papers & Filters"
        }
      ],
      "cateredFlag": false
    },
    {
      "productId": "5249813-EA-000",
      "brand": "Duck",
      "name": "Limited Edition Fruity Blitz Deep Action Gel Toilet Cleaner",
      "displayName": "750ml",
      "availability": [
        "IN_STORE",
        "ONLINE"
      ],
      "saleType": "UNITS",
      "restrictedFlag": false,
      "liquorFlag": false,
      "tobaccoFlag": false,
      "originRegulated": false,
      "singlePrice": {
        "price": 419,
        "promoId": "128974068",
        "comparativePrice": {
          "pricePerUnit": 56,
          "unitQuantity": 100,
          "unitQuantityUom": "ml",
          "measureDescription": "100ml"
        }
      },
      "promotions": [
        {
          "promoId": "128974068",
          "rewardValue": 419,
          "decal": "7000",
          "sapType": "BASE",
          "rewardType": "NEW_PRICE",
          "threshold": 1,
          "limit": 0,
          "multiProducts": false,
          "cardDependencyFlag": false,
          "bestPromotion": true,
          "comparativePrice": {
            "pricePerUnit": 56,
            "unitQuantity": 100,
            "unitQuantityUom": "ml",
            "measureDescription": "100ml"
          }
        }
      ],
      "categoryTrees": [
        {
          "level0": "Kitchen, Dining & Household",
          "level1": "Cleaning Products",
          "level2": "Bathroom & Shower Cleaners"
        }
      ],
      "cateredFlag": false
    },
    {
      "productId": "5225009-EA-000",
      "brand": "Value",
      "name": "Non Scratch Cellulose Sponge Scourer",
      "displayName": "3pk",
      "availability": [
        "IN_STORE",
        "ONLINE"
      ],
      "saleType": "UNITS",
      "restrictedFlag": false,
      "liquorFlag": false,
      "tobaccoFlag": false,
      "originRegulated": false,
      "singlePrice": {
        "price": 209,
        "comparativePrice": {
          "pricePerUnit": 70,
          "unitQuantity": 1,
          "unitQuantityUom": "ea",
          "measureDescription": "ea"
        }
      },
      "facets": [
        {
          "itemCode": "00020012",
          "itemDescription": "Non-GMO"
        }
      ],
      "categoryTrees": [
        {
          "level0": "Kitchen, Dining & Household",
          "level1": "Cleaning Products",
          "level2": "Cleaning Accessories"
        }
      ],
      "cateredFlag": false
    },
    {
      "productId": "5009580-EA-000",
      "brand": "Mortein",
      "name": "Fast Knockdown Multi Insect Killer",
      "displayName": "300g",
      "availability": [
        "IN_STORE",
        "ONLINE"
      ],
      "saleType": "UNITS",
      "restrictedFlag": false,
      "liquorFlag": false,
      "tobaccoFlag": false,
      "originRegulated": false,
      "singlePrice": {
        "price": 499,
        "promoId": "128995656",
        "comparativePrice": {
          "pricePerUnit": 166,
          "unitQuantity": 100,
          "unitQuantityUom": "g",
          "measureDescription": "100g"
        }
      },
      "promotions": [
        {
          "promoId": "128995656",
          "rewardValue": 499,
          "decal": "6000",
          "sapType": "BASE",
          "rewardType": "NEW_PRICE",
          "threshold": 1,
          "limit": 0,
          "multiProducts": false,
          "cardDependencyFlag": false,
          "bestPromotion": true,
          "comparativePrice": {
            "pricePerUnit": 166,
            "unitQuantity": 100,
            "unitQuantityUom": "g",
            "measureDescription": "100g"
          }
        }
      ],
      "categoryTrees": [
        {
          "level0": "Kitchen, Dining & Household",
          "level1": "Household",
          "level2": "Pest & Insect Control"
        }
      ],
      "cateredFlag": false
    },
    {
      "productId": "5235752-EA-000",
      "brand": "TV Guide",
      "name": "Magazine 12 October - 18 October 2024 (on sale 3/10/24)",
      "displayName": "1pk",
      "availability": [
        "IN_STORE",
        "ONLINE"
      ],
      "saleType": "UNITS",
      "restrictedFlag": false,
      "liquorFlag": false,
      "tobaccoFlag": false,
      "originRegulated": false,
      "singlePrice": {
        "price": 320
      },
      "categoryTrees": [
        {
          "level0": "Kitchen, Dining & Household",
          "level1": "Stationery & Entertainment",
          "level2": "Magazines"
        }
      ],
      "cateredFlag": false
    },
    {
      "productId": "5009916-EA-000",
      "brand": "Janola",
      "name": "Regular Premium Bleach",
      "displayName": "2.5l",
      "availability": [
        "IN_STORE",
        "ONLINE"
      ],
      "saleType": "UNITS",
      "restrictedFlag": false,
      "liquorFlag": false,
      "tobaccoFlag": false,
      "originRegulated": false,
      "singlePrice": {
        "price": 589,
        "comparativePrice": {
          "pricePerUnit": 24,
          "unitQuantity": 100,
          "unitQuantityUom": "ml",
          "measureDescription": "100ml"
        }
      },
      "categoryTrees": [
        {
          "level0": "Kitchen, Dining & Household",
          "level1": "Cleaning Products",
          "level2": "Bleaches"
        }
      ],
      "cateredFlag": false
    },
    {
      "productId": "5016652-EA-000",
      "brand": "Earthwise",
      "name": "Ultra Sensitive Fragrance Free Plant Powered Laundry Powder",
      "displayName": "1kg",
      "availability": [
        "IN_STORE",
        "ONLINE"
      ],
      "saleType": "UNITS",
      "restrictedFlag": false,
      "liquorFlag": false,
      "tobaccoFlag": false,
      "originRegulated": false,
      "singlePrice": {
        "price": 699,
        "comparativePrice": {
          "pricePerUnit": 70,
          "unitQuantity": 100,
          "unitQuantityUom": "g",
          "measureDescription": "100g"
        }
      },
      "categoryTrees": [
        {
          "level0": "Kitchen, Dining & Household",
          "level1": "Laundry",
          "level2": "Laundry Powders"
        }
      ],
      "cateredFlag": false
    },
    {
      "productId": "5235751-EA-000",
      "brand": "TV Guide",
      "name": "Magazine 19 October -25 October 2024 (on sale 10/10/24)",
      "displayName": "1pk",
      "availability": [
        "IN_STORE",
        "ONLINE"
      ],
      "saleType": "UNITS",
      "restrictedFlag": false,
      "liquorFlag": false,
      "tobaccoFlag": false,
      "originRegulated": false,
      "singlePrice": {
        "price": 320
      },
      "categoryTrees": [
        {
          "level0": "Kitchen, Dining & Household",
          "level1": "Stationery & Entertainment",
          "level2": "Magazines"
        }
      ],
      "cateredFlag": false
    },
    {
      "productId": "5243269-EA-000",
      "brand": "Tuffy",
      "name": "XL Multipurpose Cleaning Wipes",
      "displayName": "40pk",
      "availability": [
        "IN_STORE",
        "ONLINE"
      ],
      "saleType": "UNITS",
      "restrictedFlag": false,
      "liquorFlag": false,
      "tobaccoFlag": false,
      "originRegulated": false,
      "singlePrice": {
        "price": 349,
        "promoId": "128979142",
        "comparativePrice": {
          "pricePerUnit": 9,
          "unitQuantity": 1,
          "unitQuantityUom": "ea",
          "measureDescription": "ea"
        }
      },
      "promotions": [
        {
          "promoId": "128979142",
          "rewardValue": 349,
          "decal": "6000",
          "sapType": "BASE",
          "rewardType": "NEW_PRICE",
          "threshold": 1,
          "limit": 0,
          "multiProducts": false,
          "cardDependencyFlag": false,
          "bestPromotion": true,
          "comparativePrice": {
            "pricePerUnit": 9,
            "unitQuantity": 1,
            "unitQuantityUom": "ea",
            "measureDescription": "ea"
          }
        }
      ],
      "categoryTrees": [
        {
          "level0": "Kitchen, Dining & Household",
          "level1": "Cleaning Products",
          "level2": "Kitchen Cleaners"
        }
      ],
      "cateredFlag": false
    },
    {
      "productId": "5235753-EA-000",
      "brand": "TV Guide",
      "name": "Magazine 28 September - 4 October 2024 (on sale 19/09/24)",
      "displayName": "1pk",
      "availability": [
        "IN_STORE",
        "ONLINE"
      ],
      "saleType": "UNITS",
      "restrictedFlag": false,
      "liquorFlag": false,
      "tobaccoFlag": false,
      "originRegulated": false,
      "singlePrice": {
        "price": 320
      },
      "categoryTrees": [
        {
          "level0": "Kitchen, Dining & Household",
          "level1": "Stationery & Entertainment",
          "level2": "Magazines"
        }
      ],
      "cateredFlag": false
    },
    {
      "productId": "5219014-EA-000",
      "brand": "Value",
      "name": "Fast Kill Fly & Insect Spray",
      "displayName": "350ml",
      "availability": [
        "IN_STORE",
        "ONLINE"
      ],
      "saleType": "UNITS",
      "restrictedFlag": false,
      "liquorFlag": false,
      "tobaccoFlag": false,
      "originRegulated": false,
      "singlePrice": {
        "price": 399,
        "comparativePrice": {
          "pricePerUnit": 114,
          "unitQuantity": 100,
          "unitQuantityUom": "ml",
          "measureDescription": "100ml"
        }
      },
      "facets": [
        {
          "itemCode": "00020012",
          "itemDescription": "Non-GMO"
        }
      ],
      "categoryTrees": [
        {
          "level0": "Kitchen, Dining & Household",
          "level1": "Household",
          "level2": "Pest & Insect Control"
        }
      ],
      "cateredFlag": false
    },
    {
      "productId": "5006830-EA-000",
      "brand": "TV Guide",
      "name": "Magazine 5 October - 11 October 2024 (on sale 26/09/24)",
      "displayName": "1pk",
      "availability": [
        "IN_STORE",
        "ONLINE"
      ],
      "saleType": "UNITS",
      "restrictedFlag": false,
      "liquorFlag": false,
      "tobaccoFlag": false,
      "originRegulated": false,
      "singlePrice": {
        "price": 320
      },
      "categoryTrees": [
        {
          "level0": "Kitchen, Dining & Household",
          "level1": "Stationery & Entertainment",
          "level2": "Magazines"
        }
      ],
      "cateredFlag": false
    },
    {
      "productId": "5010099-EA-000",
      "brand": "Philips",
      "name": "Softone 60W Bayonet Bulb",
      "displayName": "1pk",
      "availability": [
        "IN_STORE",
        "ONLINE"
      ],
      "saleType": "UNITS",
      "restrictedFlag": false,
      "liquorFlag": false,
      "tobaccoFlag": false,
      "originRegulated": false,
      "singlePrice": {
        "price": 159
      },
      "categoryTrees": [
        {
          "level0": "Kitchen, Dining & Household",
          "level1": "Household",
          "level2": "Light Bulbs"
        }
      ],
      "cateredFlag": false
    },
    {
      "productId": "5086476-EA-000",
      "brand": "Persil",
      "name": "Sensitive Laundry Powder",
      "displayName": "2kg",
      "availability": [
        "IN_STORE",
        "ONLINE"
      ],
      "saleType": "UNITS",
      "restrictedFlag": false,
      "liquorFlag": false,
      "tobaccoFlag": false,
      "originRegulated": false,
      "singlePrice": {
        "price": 1569,
        "comparativePrice": {
          "pricePerUnit": 78,
          "unitQuantity": 100,
          "unitQuantityUom": "g",
          "measureDescription": "100g"
        }
      },
      "facets": [
        {
          "itemCode": "00020012",
          "itemDescription": "Non-GMO"
        }
      ],
      "categoryTrees": [
        {
          "level0": "Kitchen, Dining & Household",
          "level1": "Laundry",
          "level2": "Laundry Powders"
        }
      ],
      "cateredFlag": false
    },
    {
      "productId": "5215083-EA-000",
      "brand": "Fab",
      "name": "Fresh Frangipani Laundry Detergent Liquid",
      "displayName": "2l",
      "availability": [
        "IN_STORE",
        "ONLINE"
      ],
      "saleType": "UNITS",
      "restrictedFlag": false,
      "liquorFlag": false,
      "tobaccoFlag": false,
      "originRegulated": false,
      "singlePrice": {
        "price": 1299,
        "comparativePrice": {
          "pricePerUnit": 65,
          "unitQuantity": 100,
          "unitQuantityUom": "ml",
          "measureDescription": "100ml"
        }
      },
      "categoryTrees": [
        {
          "level0": "Kitchen, Dining & Household",
          "level1": "Laundry",
          "level2": "Laundry Liquid & Capsules"
        }
      ],
      "cateredFlag": false
    },
    {
      "productId": "5210267-EA-000",
      "brand": "Surf",
      "name": "Herbal Extracts Laundry Powder",
      "displayName": "3kg",
      "availability": [
        "IN_STORE",
        "ONLINE"
      ],
      "saleType": "UNITS",
      "restrictedFlag": false,
      "liquorFlag": false,
      "tobaccoFlag": false,
      "originRegulated": false,
      "singlePrice": {
        "price": 1629,
        "comparativePrice": {
          "pricePerUnit": 54,
          "unitQuantity": 100,
          "unitQuantityUom": "g",
          "measureDescription": "100g"
        }
      },
      "facets": [
        {
          "itemCode": "00020012",
          "itemDescription": "Non-GMO"
        }
      ],
      "categoryTrees": [
        {
          "level0": "Kitchen, Dining & Household",
          "level1": "Laundry",
          "level2": "Laundry Powders"
        }
      ],
      "cateredFlag": false
    },
    {
      "productId": "5021145-EA-000",
      "brand": "The New Zealand Herald",
      "name": "Newspaper (Monday-Friday)",
      "displayName": "ea",
      "availability": [
        "IN_STORE",
        "ONLINE"
      ],
      "saleType": "UNITS",
      "restrictedFlag": false,
      "liquorFlag": false,
      "tobaccoFlag": false,
      "originRegulated": false,
      "singlePrice": {
        "price": 470
      },
      "categoryTrees": [
        {
          "level0": "Kitchen, Dining & Household",
          "level1": "Stationery & Entertainment",
          "level2": "Newspapers"
        }
      ],
      "cateredFlag": false
    },
    {
      "productId": "5009596-EA-000",
      "brand": "Handy Andy",
      "name": "Pine All Purpose Cleaner",
      "displayName": "750ml",
      "availability": [
        "IN_STORE",
        "ONLINE"
      ],
      "saleType": "UNITS",
      "restrictedFlag": false,
      "liquorFlag": false,
      "tobaccoFlag": false,
      "originRegulated": false,
      "singlePrice": {
        "price": 609,
        "comparativePrice": {
          "pricePerUnit": 81,
          "unitQuantity": 100,
          "unitQuantityUom": "ml",
          "measureDescription": "100ml"
        }
      },
      "categoryTrees": [
        {
          "level0": "Kitchen, Dining & Household",
          "level1": "Cleaning Products",
          "level2": "All Purpose Cleaners"
        }
      ],
      "cateredFlag": false
    },
    {
      "productId": "5001460-EA-000",
      "brand": "Bic",
      "name": "Maxi Lighter",
      "displayName": "1pk",
      "availability": [
        "IN_STORE",
        "ONLINE"
      ],
      "saleType": "UNITS",
      "restrictedFlag": false,
      "liquorFlag": false,
      "tobaccoFlag": false,
      "originRegulated": false,
      "singlePrice": {
        "price": 399,
        "promoId": "128991007"
      },
      "promotions": [
        {
          "promoId": "128991007",
          "rewardValue": 399,
          "decal": "7000",
          "sapType": "BASE",
          "rewardType": "NEW_PRICE",
          "threshold": 1,
          "limit": 0,
          "multiProducts": false,
          "cardDependencyFlag": false,
          "bestPromotion": true
        }
      ],
      "categoryTrees": [
        {
          "level0": "Kitchen, Dining & Household",
          "level1": "Household",
          "level2": "Fire Needs"
        }
      ],
      "cateredFlag": false
    },
    {
      "productId": "5105430-EA-000",
      "brand": "Surv",
      "name": "Foil Roasting Tray",
      "displayName": "1pk",
      "availability": [
        "IN_STORE",
        "ONLINE"
      ],
      "saleType": "UNITS",
      "restrictedFlag": false,
      "liquorFlag": false,
      "tobaccoFlag": false,
      "originRegulated": false,
      "singlePrice": {
        "price": 399
      },
      "categoryTrees": [
        {
          "level0": "Kitchen, Dining & Household",
          "level1": "Household",
          "level2": "Cooking & Bakeware"
        }
      ],
      "cateredFlag": false
    },
    {
      "productId": "5231714-EA-000",
      "brand": "Value",
      "name": "Laundry Detergent",
      "displayName": "2l",
      "availability": [
        "IN_STORE",
        "ONLINE"
      ],
      "saleType": "UNITS",
      "restrictedFlag": false,
      "liquorFlag": false,
      "tobaccoFlag": false,
      "originRegulated": false,
      "singlePrice": {
        "price": 499,
        "comparativePrice": {
          "pricePerUnit": 25,
          "unitQuantity": 100,
          "unitQuantityUom": "ml",
          "measureDescription": "100ml"
        }
      },
      "facets": [
        {
          "itemCode": "00020012",
          "itemDescription": "Non-GMO"
        }
      ],
      "categoryTrees": [
        {
          "level0": "Kitchen, Dining & Household",
          "level1": "Laundry",
          "level2": "Laundry Liquid & Capsules"
        }
      ],
      "cateredFlag": false
    },
    {
      "productId": "5277239-EA-000",
      "brand": "Raid",
      "name": "One Shot Double Nozzle Odourless Flying Insect Killer",
      "displayName": "320g",
      "availability": [
        "IN_STORE",
        "ONLINE"
      ],
      "saleType": "UNITS",
      "restrictedFlag": false,
      "liquorFlag": false,
      "tobaccoFlag": false,
      "originRegulated": false,
      "singlePrice": {
        "price": 499,
        "promoId": "128995653",
        "comparativePrice": {
          "pricePerUnit": 156,
          "unitQuantity": 100,
          "unitQuantityUom": "g",
          "measureDescription": "100g"
        }
      },
      "promotions": [
        {
          "promoId": "128995653",
          "rewardValue": 499,
          "decal": "6000",
          "sapType": "BASE",
          "rewardType": "NEW_PRICE",
          "threshold": 1,
          "limit": 0,
          "multiProducts": false,
          "cardDependencyFlag": false,
          "bestPromotion": true,
          "comparativePrice": {
            "pricePerUnit": 156,
            "unitQuantity": 100,
            "unitQuantityUom": "g",
            "measureDescription": "100g"
          }
        }
      ],
      "categoryTrees": [
        {
          "level0": "Kitchen, Dining & Household",
          "level1": "Household",
          "level2": "Pest & Insect Control"
        }
      ],
      "cateredFlag": false
    },
    {
      "productId": "5012278-EA-000",
      "brand": "Ajax",
      "name": "Spray n' Wipe Triple Action Glass Cleaner",
      "displayName": "500ml",
      "availability": [
        "IN_STORE",
        "ONLINE"
      ],
      "saleType": "UNITS",
      "restrictedFlag": false,
      "liquorFlag": false,
      "tobaccoFlag": false,
      "originRegulated": false,
      "singlePrice": {
        "price": 379,
        "promoId": "128996530",
        "comparativePrice": {
          "pricePerUnit": 76,
          "unitQuantity": 100,
          "unitQuantityUom": "ml",
          "measureDescription": "100ml"
        }
      },
      "promotions": [
        {
          "promoId": "128996530",
          "rewardValue": 379,
          "decal": "6000",
          "sapType": "BASE",
          "rewardType": "NEW_PRICE",
          "threshold": 1,
          "limit": 0,
          "multiProducts": false,
          "cardDependencyFlag": false,
          "bestPromotion": true,
          "comparativePrice": {
            "pricePerUnit": 76,
            "unitQuantity": 100,
            "unitQuantityUom": "ml",
            "measureDescription": "100ml"
          }
        }
      ],
      "categoryTrees": [
        {
          "level0": "Kitchen, Dining & Household",
          "level1": "Cleaning Products",
          "level2": "Glass Cleaners"
        }
      ],
      "cateredFlag": false
    },
    {
      "productId": "5008205-EA-000",
      "brand": "Glad",
      "name": "Wrap Refill",
      "displayName": "60m",
      "availability": [
        "IN_STORE",
        "ONLINE"
      ],
      "saleType": "UNITS",
      "restrictedFlag": false,
      "liquorFlag": false,
      "tobaccoFlag": false,
      "originRegulated": false,
      "singlePrice": {
        "price": 649,
        "comparativePrice": {
          "pricePerUnit": 11,
          "unitQuantity": 1,
          "unitQuantityUom": "m",
          "measureDescription": "1m"
        }
      },
      "categoryTrees": [
        {
          "level0": "Kitchen, Dining & Household",
          "level1": "Household",
          "level2": "Food Wraps & Bags"
        }
      ],
      "cateredFlag": false
    },
    {
      "productId": "5251871-EA-000",
      "brand": "Surv",
      "name": "Foil Roasting Trays",
      "displayName": "2pk",
      "availability": [
        "IN_STORE",
        "ONLINE"
      ],
      "saleType": "UNITS",
      "restrictedFlag": false,
      "liquorFlag": false,
      "tobaccoFlag": false,
      "originRegulated": false,
      "singlePrice": {
        "price": 519
      },
      "categoryTrees": [
        {
          "level0": "Kitchen, Dining & Household",
          "level1": "Household",
          "level2": "Cooking & Bakeware"
        }
      ],
      "cateredFlag": false
    },
    {
      "productId": "5257733-EA-000",
      "brand": "Dettol",
      "name": "Lavender Multipurpose Cleaner Antibacterial Spray",
      "displayName": "500ml",
      "availability": [
        "IN_STORE",
        "ONLINE"
      ],
      "saleType": "UNITS",
      "restrictedFlag": false,
      "liquorFlag": false,
      "tobaccoFlag": false,
      "originRegulated": false,
      "singlePrice": {
        "price": 519,
        "comparativePrice": {
          "pricePerUnit": 104,
          "unitQuantity": 100,
          "unitQuantityUom": "ml",
          "measureDescription": "100ml"
        }
      },
      "categoryTrees": [
        {
          "level0": "Kitchen, Dining & Household",
          "level1": "Cleaning Products",
          "level2": "All Purpose Cleaners"
        }
      ],
      "cateredFlag": false
    },
    {
      "productId": "5025642-EA-000",
      "brand": "Frend",
      "name": "Laundry Soaker Oxy Power Stain Remover Powder",
      "displayName": "1kg",
      "availability": [
        "IN_STORE",
        "ONLINE"
      ],
      "saleType": "UNITS",
      "restrictedFlag": false,
      "liquorFlag": false,
      "tobaccoFlag": false,
      "originRegulated": false,
      "singlePrice": {
        "price": 649,
        "comparativePrice": {
          "pricePerUnit": 65,
          "unitQuantity": 100,
          "unitQuantityUom": "g",
          "measureDescription": "100g"
        }
      },
      "categoryTrees": [
        {
          "level0": "Kitchen, Dining & Household",
          "level1": "Laundry",
          "level2": "Pre Wash Stain Removers"
        }
      ],
      "cateredFlag": false
    },
    {
      "productId": "5256158-EA-000",
      "brand": "Fab",
      "name": "Fresh Frangipani Laundry Detergent Liquid",
      "displayName": "4l",
      "availability": [
        "IN_STORE",
        "ONLINE"
      ],
      "saleType": "UNITS",
      "restrictedFlag": false,
      "liquorFlag": false,
      "tobaccoFlag": false,
      "originRegulated": false,
      "singlePrice": {
        "price": 2099,
        "comparativePrice": {
          "pricePerUnit": 52,
          "unitQuantity": 100,
          "unitQuantityUom": "ml",
          "measureDescription": "100ml"
        }
      },
      "categoryTrees": [
        {
          "level0": "Kitchen, Dining & Household",
          "level1": "Laundry",
          "level2": "Laundry Liquid & Capsules"
        }
      ],
      "cateredFlag": false
    }
  ],
  "algoliaSearchResult": {
    "facets": {
      "brand": {
        "Pams": 95,
        "Value": 63,
        "Korbond": 59,
        "Effects": 57,
        "Energizer": 48,
        "Sistema": 36,
        "Air Wick": 34,
        "Philips": 33,
        "Bic": 28,
        "Glade": 27,
        "Harpic": 25,
        "Dettol": 24,
        "Persil": 24,
        "Finish": 23,
        "Mortein": 23,
        "Surv": 23,
        "Duck": 21,
        "Eveready": 20,
        "Chux": 18,
        "Homeliving": 18,
        "Kate's Kitchen": 17,
        "Vanish": 17,
        "Zuru": 17,
        "Surf": 15,
        "Botanica": 13,
        "Raid": 13,
        "Real Value": 13,
        "Best": 12,
        "The Gardener": 12,
        "Big Black Sacks": 11,
        "Earthwise": 11,
        "Ja-Ru": 11,
        "Mr Muscle": 11,
        "Warwick": 11,
        "Ajax": 10,
        "Ecostore": 10,
        "Sellotape": 10,
        "Snazzee": 10,
        "Wonderdryer": 10,
        "Easy-Off": 9,
        "Fix It Today": 9,
        "Fluffy": 9,
        "Jackson": 9,
        "Antares": 7,
        "Cussons Morning Fresh": 7,
        "Decor": 7,
        "Holdfast": 7,
        "Sorbent": 7,
        "Ansell": 6,
        "Cuddly": 6,
        "Filta": 6,
        "Jif": 6,
        "Paseo": 6,
        "Sabco": 6,
        "Samba": 6,
        "Spring Fresh": 6,
        "3M": 5,
        "Active": 5,
        "Gorilla": 5,
        "Janola": 5,
        "Ziploc": 5,
        "Fab": 4,
        "Footcare": 4,
        "Justsoundz": 4,
        "Pams Value": 4,
        "Rug Doctor": 4,
        "Sistema TO GO": 4,
        "TV Guide": 4,
        "Tuffy": 4,
        "Wiltshire": 4,
        "Atomic": 3,
        "Boomerang": 3,
        "Cleanery": 3,
        "Collins": 3,
        "Croxley": 3,
        "DampRid": 3,
        "Dixon": 3,
        "Fresha": 3,
        "Glad": 3,
        "Good Change": 3,
        "Happy Birthday": 3,
        "Hot Devil": 3,
        "Kleenex": 3,
        "Mattel": 3,
        "Mono": 3,
        "National Candle": 3,
        "New Idea": 3,
        "No Vac": 3,
        "Ozkleen": 3,
        "Palmolive": 3,
        "Pledge": 3,
        "Purex": 3,
        "Seymours": 3,
        "Smash": 3,
        "Squishmallows": 3,
        "30 Seconds": 2,
        "Armor All": 2,
        "Beehive": 2,
        "Black Flag": 2,
        "Brand Developers": 2
      },
      "category1NI": {
        "Household": 660,
        "Cleaning Products": 338,
        "Stationery & Entertainment": 196,
        "Laundry": 115,
        "Garage & Outdoor": 60,
        "Pams": 45,
        "Baby Care": 1,
        "Dairy & Eggs": 1
      },
      "onPromotion": {
        "21ecaaed-0749-4492-985e-4bb7ba43d59c": 233,
        "48dd98cc-a757-4102-b15d-ea82b4b10571": 194,
        "7d48a781-4f68-4c91-a908-8659e1b22f95": 190,
        "3c5e3145-0767-4066-9349-6c0a1313acc5": 185,
        "dbca5e00-f7f9-43ae-91de-031ad16f8a92": 182,
        "61dd754e-8525-4b9e-9e08-173389eea8a8": 175,
        "49037947-e450-49bf-ba1f-a94551c79a72": 172,
        "c3f9e1a3-fc34-452d-af2e-95349e666ba4": 171,
        "15e6f441-5c1c-4d25-b4ec-1adf918c49c7": 169,
        "b29a98bd-749c-489c-9eef-6aa38e66a29b": 168,
        "b92cc33f-b5a8-4b57-9b82-412946800020": 165,
        "e1925ea7-01bc-4358-ae7c-c6502da5ab12": 165,
        "90082979-fb9f-4305-9c72-83274fc438cc": 164,
        "2ed73be8-936d-4f35-9398-75a707f40a7b": 163,
        "5f167936-79ae-4f6a-b9d2-74afe1bb096b": 163,
        "b2e98a14-c8ca-401e-99ed-edf74570c6f6": 163,
        "d8032da3-c1b9-456e-b626-41ce21f8c67b": 161,
        "5cf0392f-c187-4fc4-a463-eb269d2e8f45": 160,
        "c180a72d-5dbe-4403-b7c7-91655e505492": 160,
        "3bb30799-82ce-4648-8c02-5113228963ed": 157,
        "4a279605-eaa8-470d-bcd4-0a9e3c9ab43b": 155,
        "d6d39eea-889d-4e20-923c-55cab225cf7f": 155,
        "1c388d5e-29ac-4956-b476-cb3431353d2e": 154,
        "715f0e22-95e0-45ce-af3a-07057209976e": 154,
        "01a114de-149c-4f5f-80a1-90cc63f69c6e": 152,
        "be4c4780-218e-425a-a90f-63e21773572b": 150,
        "8cd700ae-d96f-4761-bd7a-805d6b93536d": 149,
        "3404c253-577f-45ca-b301-c98312e46efb": 148,
        "64eab5b1-8d79-45f4-94f1-02b8cf8b6202": 147,
        "8f0d70be-5cb7-464b-99cb-8b0130671895": 146,
        "b39562a4-2b72-43fe-b9ba-eda1d651ad0b": 145,
        "65defcf2-bc15-490e-a84f-1f13b769cd22": 144,
        "6c73764e-b8e6-4e55-ad37-f6a9d207da1f": 144,
        "a7d09522-bee2-41e4-8fe0-0b82b7f342f5": 144,
        "6e6809dd-01bc-45c9-aab1-f01ccd8338b0": 142,
        "714431ab-6e39-4df6-ac77-cfc5c1e25bc8": 139,
        "c2204dae-579e-4b6b-9d42-2e13ceaa6031": 137,
        "33d8d6fc-861a-45ff-9937-5ccdb55eaede": 136,
        "3bfe040b-f0c9-45e0-949b-b9ad5a591d55": 136,
        "60561e46-ece7-43a7-b142-9b14812586e4": 135,
        "d1cd1fdd-8767-46a6-a8d3-c3e0632c2dc8": 135,
        "af385423-d0f1-41f0-9482-ffd10b745143": 134,
        "529d66cc-60e3-432e-b8d1-efc9f2ec4919": 131,
        "98ec3885-ac93-4fcb-807b-59c9055c52c4": 130,
        "92086ded-a55d-4241-a364-7d7ea91531b4": 128,
        "3e82142c-78dc-46f3-82ec-28e65fcf84c9": 127,
        "4fcc1c8e-cc5e-4675-ba25-5e56b579cf69": 127,
        "94ef1985-cab1-4b39-a2f3-230120f03c16": 127,
        "50b1216b-d066-4457-b88b-9bccf97bf6d3": 126,
        "6cda96e1-7d29-44a6-956b-3fcfdecc8184": 120,
        "53989945-1a28-481d-a61c-d6f75f760ada": 114,
        "c0f80e87-16be-4488-9553-da437e8c6c2a": 104,
        "9cd8eb60-3222-4efc-bd7c-50e03e6a81a4": 100,
        "b83029b6-5dd5-449e-8056-26f3943a4e18": 82,
        "076e8177-943b-41fc-a885-ba3d28297acf": 66
      },
      "productFacets": {
        "Non-GMO": 183,
        "Dairy Free": 20,
        "Vegan": 7,
        "Organic": 1
      }
    }
  },
  "totalHits": 1000,
  "page": 2,
  "totalPages": 20,
  "hitsPerPage": 50
}
