{
  "tobaccoProducts": false,
  "products": [
    {
      "productId": "5016098-EA-000",
      "brand": "Finish",
      "name": "Lemon Dishwasher Liquid Deep Cleaner",
      "displayName": "250ml",
      "availability": [
        "IN_STORE",
        "ONLINE"
      ],
      "saleType": "UNITS",
      "restrictedFlag": false,
      "liquorFlag": false,
      "tobaccoFlag": false,
      "originRegulated": false,
      "singlePrice": {
        "price": 749,
        "promoId": "128978499",
        "comparativePrice": {
          "pricePerUnit": 300,
          "unitQuantity": 100,
          "unitQuantityUom": "ml",
          "measureDescription": "100ml"
        }
      },
      "promotions": [
        {
          "promoId": "128978499",
          "rewardValue": 749,
          "decal": "6000",
          "sapType": "BASE",
          "rewardType": "NEW_PRICE",
          "threshold": 1,
          "limit": 0,
          "multiProducts": false,
          "cardDependencyFlag": false,
          "bestPromotion": true,
          "comparativePrice": {
            "pricePerUnit": 300,
            "unitQuantity": 100,
            "unitQuantityUom": "ml",
            "measureDescription": "100ml"
          }
        }
      ],
      "categoryTrees": [
        {
          "level0": "Kitchen, Dining & Household",
          "level1": "Cleaning Products",
          "level2": "Dishwasher Rinse & Clean"
        }
      ],
      "cateredFlag": false
    },
    {
      "productId": "5009598-EA-000",
      "brand": "Finish",
      "name": "Powerball Rinse And Shine Aid",
      "displayName": "250ml",
      "availability": [
        "IN_STORE",
        "ONLINE"
      ],
      "saleType": "UNITS",
      "restrictedFlag": false,
      "liquorFlag": false,
      "tobaccoFlag": false,
      "originRegulated": false,
      "singlePrice": {
        "price": 629,
        "comparativePrice": {
          "pricePerUnit": 252,
          "unitQuantity": 100,
          "unitQuantityUom": "ml",
          "measureDescription": "100ml"
        }
      },
      "categoryTrees": [
        {
          "level0": "Kitchen, Dining & Household",
          "level1": "Cleaning Products",
          "level2": "Dishwasher Rinse & Clean"
        }
      ],
      "cateredFlag": false
    },
    {
      "productId": "5015946-EA-000",
      "brand": "Energizer",
      "name": "Max AA Battery",
      "displayName": "8pk",
      "availability": [
        "IN_STORE",
        "ONLINE"
      ],
      "saleType": "UNITS",
      "restrictedFlag": false,
      "liquorFlag": false,
      "tobaccoFlag": false,
      "originRegulated": false,
      "singlePrice": {
        "price": 1599,
        "promoId": "128806324",
        "comparativePrice": {
          "pricePerUnit": 200,
          "unitQuantity": 1,
          "unitQuantityUom": "ea",
          "measureDescription": "ea"
        }
      },
      "promotions": [
        {
          "promoId": "128806324",
          "rewardValue": 1599,
          "decal": "7000",
          "sapType": "BASE",
          "rewardType": "NEW_PRICE",
          "threshold": 1,
          "limit": 0,
          "multiProducts": false,
          "cardDependencyFlag": false,
          "bestPromotion": true,
          "comparativePrice": {
            "pricePerUnit": 200,
            "unitQuantity": 1,
            "unitQuantityUom": "ea",
            "measureDescription": "ea"
          }
        }
      ],
      "categoryTrees": [
        {
          "level0": "Kitchen, Dining & Household",
          "level1": "Household",
          "level2": "Batteries"
        }
      ],
      "cateredFlag": false
    },
    {
      "productId": "5023937-EA-000",
      "brand": "Fluffy",
      "name": "Divine Blends Lotus Flower & Sea Minerals Concentrated Fabric Softener Conditioner",
      "displayName": "900ml",
      "availability": [
        "IN_STORE",
        "ONLINE"
      ],
      "saleType": "UNITS",
      "restrictedFlag": false,
      "liquorFlag": false,
      "tobaccoFlag": false,
      "originRegulated": false,
      "singlePrice": {
        "price": 799,
        "comparativePrice": {
          "pricePerUnit": 89,
          "unitQuantity": 100,
          "unitQuantityUom": "ml",
          "measureDescription": "100ml"
        }
      },
      "categoryTrees": [
        {
          "level0": "Kitchen, Dining & Household",
          "level1": "Laundry",
          "level2": "Fabric Softeners"
        }
      ],
      "cateredFlag": false
    },
    {
      "productId": "5249627-EA-000",
      "brand": "Persil",
      "name": "Active Clean Laundry Liquid",
      "displayName": "4l",
      "availability": [
        "IN_STORE",
        "ONLINE"
      ],
      "saleType": "UNITS",
      "restrictedFlag": false,
      "liquorFlag": false,
      "tobaccoFlag": false,
      "originRegulated": false,
      "singlePrice": {
        "price": 2499,
        "promoId": "128929771",
        "comparativePrice": {
          "pricePerUnit": 62,
          "unitQuantity": 100,
          "unitQuantityUom": "ml",
          "measureDescription": "100ml"
        }
      },
      "promotions": [
        {
          "promoId": "128929771",
          "rewardValue": 2499,
          "decal": "6000",
          "sapType": "BASE",
          "rewardType": "NEW_PRICE",
          "threshold": 1,
          "limit": 0,
          "multiProducts": false,
          "cardDependencyFlag": false,
          "bestPromotion": true,
          "comparativePrice": {
            "pricePerUnit": 62,
            "unitQuantity": 100,
            "unitQuantityUom": "ml",
            "measureDescription": "100ml"
          }
        }
      ],
      "facets": [
        {
          "itemCode": "00020012",
          "itemDescription": "Non-GMO"
        }
      ],
      "categoryTrees": [
        {
          "level0": "Kitchen, Dining & Household",
          "level1": "Laundry",
          "level2": "Laundry Liquid & Capsules"
        }
      ],
      "cateredFlag": false
    },
    {
      "productId": "5036165-EA-000",
      "brand": "Dettol",
      "name": "Healthy Clean Bathroom Cleaner Antibacterial Spray",
      "displayName": "500ml",
      "availability": [
        "IN_STORE",
        "ONLINE"
      ],
      "saleType": "UNITS",
      "restrictedFlag": false,
      "liquorFlag": false,
      "tobaccoFlag": false,
      "originRegulated": false,
      "singlePrice": {
        "price": 519,
        "comparativePrice": {
          "pricePerUnit": 104,
          "unitQuantity": 100,
          "unitQuantityUom": "ml",
          "measureDescription": "100ml"
        }
      },
      "categoryTrees": [
        {
          "level0": "Kitchen, Dining & Household",
          "level1": "Cleaning Products",
          "level2": "Bathroom & Shower Cleaners"
        }
      ],
      "cateredFlag": false
    },
    {
      "productId": "5271835-EA-000",
      "brand": "Dettol",
      "name": "Lemon Lime Multipurpose Cleaner Antibacterial Spray",
      "displayName": "750ml",
      "availability": [
        "IN_STORE",
        "ONLINE"
      ],
      "saleType": "UNITS",
      "restrictedFlag": false,
      "liquorFlag": false,
      "tobaccoFlag": false,
      "originRegulated": false,
      "singlePrice": {
        "price": 599,
        "comparativePrice": {
          "pricePerUnit": 80,
          "unitQuantity": 100,
          "unitQuantityUom": "ml",
          "measureDescription": "100ml"
        }
      },
      "categoryTrees": [
        {
          "level0": "Kitchen, Dining & Household",
          "level1": "Cleaning Products",
          "level2": "All Purpose Cleaners"
        }
      ],
      "cateredFlag": false
    },
    {
      "productId": "5021704-EA-000",
      "brand": "Selleys",
      "name": "Liquid Sugar Soap",
      "displayName": "750ml",
      "availability": [
        "IN_STORE",
        "ONLINE"
      ],
      "saleType": "UNITS",
      "restrictedFlag": false,
      "liquorFlag": false,
      "tobaccoFlag": false,
      "originRegulated": false,
      "singlePrice": {
        "price": 499,
        "comparativePrice": {
          "pricePerUnit": 67,
          "unitQuantity": 100,
          "unitQuantityUom": "ml",
          "measureDescription": "100ml"
        }
      },
      "categoryTrees": [
        {
          "level0": "Kitchen, Dining & Household",
          "level1": "Cleaning Products",
          "level2": "All Purpose Cleaners"
        }
      ],
      "cateredFlag": false
    },
    {
      "productId": "5010101-EA-000",
      "brand": "Philips",
      "name": "Softone 100w Soft White Screw Bulb",
      "displayName": "1pk",
      "availability": [
        "IN_STORE",
        "ONLINE"
      ],
      "saleType": "UNITS",
      "restrictedFlag": false,
      "liquorFlag": false,
      "tobaccoFlag": false,
      "originRegulated": false,
      "singlePrice": {
        "price": 159
      },
      "categoryTrees": [
        {
          "level0": "Kitchen, Dining & Household",
          "level1": "Household",
          "level2": "Light Bulbs"
        }
      ],
      "cateredFlag": false
    },
    {
      "productId": "5010584-EA-000",
      "brand": "Harpic",
      "name": "White & Shine Citrus Thick Bleach Gel",
      "displayName": "450ml",
      "availability": [
        "IN_STORE",
        "ONLINE"
      ],
      "saleType": "UNITS",
      "restrictedFlag": false,
      "liquorFlag": false,
      "tobaccoFlag": false,
      "originRegulated": false,
      "singlePrice": {
        "price": 349,
        "promoId": "128978502",
        "comparativePrice": {
          "pricePerUnit": 78,
          "unitQuantity": 100,
          "unitQuantityUom": "ml",
          "measureDescription": "100ml"
        }
      },
      "promotions": [
        {
          "promoId": "128978502",
          "rewardValue": 349,
          "decal": "6000",
          "sapType": "BASE",
          "rewardType": "NEW_PRICE",
          "threshold": 1,
          "limit": 0,
          "multiProducts": false,
          "cardDependencyFlag": false,
          "bestPromotion": true,
          "comparativePrice": {
            "pricePerUnit": 78,
            "unitQuantity": 100,
            "unitQuantityUom": "ml",
            "measureDescription": "100ml"
          }
        }
      ],
      "categoryTrees": [
        {
          "level0": "Kitchen, Dining & Household",
          "level1": "Cleaning Products",
          "level2": "Bathroom & Shower Cleaners"
        }
      ],
      "cateredFlag": false
    },
    {
      "productId": "5009333-EA-000",
      "brand": "Chux",
      "name": "Collections Thick Sponges",
      "displayName": "3pk",
      "availability": [
        "IN_STORE",
        "ONLINE"
      ],
      "saleType": "UNITS",
      "restrictedFlag": false,
      "liquorFlag": false,
      "tobaccoFlag": false,
      "originRegulated": false,
      "singlePrice": {
        "price": 519,
        "comparativePrice": {
          "pricePerUnit": 173,
          "unitQuantity": 1,
          "unitQuantityUom": "ea",
          "measureDescription": "ea"
        }
      },
      "categoryTrees": [
        {
          "level0": "Kitchen, Dining & Household",
          "level1": "Cleaning Products",
          "level2": "Cleaning Accessories"
        }
      ],
      "cateredFlag": false
    },
    {
      "productId": "5086492-EA-000",
      "brand": "Persil",
      "name": "Active Clean Laundry Powder",
      "displayName": "1kg",
      "availability": [
        "IN_STORE",
        "ONLINE"
      ],
      "saleType": "UNITS",
      "restrictedFlag": false,
      "liquorFlag": false,
      "tobaccoFlag": false,
      "originRegulated": false,
      "singlePrice": {
        "price": 699,
        "promoId": "128929773",
        "comparativePrice": {
          "pricePerUnit": 70,
          "unitQuantity": 100,
          "unitQuantityUom": "g",
          "measureDescription": "100g"
        }
      },
      "promotions": [
        {
          "promoId": "128929773",
          "rewardValue": 699,
          "decal": "6000",
          "sapType": "BASE",
          "rewardType": "NEW_PRICE",
          "threshold": 1,
          "limit": 0,
          "multiProducts": false,
          "cardDependencyFlag": false,
          "bestPromotion": true,
          "comparativePrice": {
            "pricePerUnit": 70,
            "unitQuantity": 100,
            "unitQuantityUom": "g",
            "measureDescription": "100g"
          }
        }
      ],
      "facets": [
        {
          "itemCode": "00020012",
          "itemDescription": "Non-GMO"
        }
      ],
      "categoryTrees": [
        {
          "level0": "Kitchen, Dining & Household",
          "level1": "Laundry",
          "level2": "Laundry Powders"
        }
      ],
      "cateredFlag": false
    },
    {
      "productId": "5260028-EA-000",
      "brand": "Value",
      "name": "Paper Dinner Plates",
      "displayName": "20pk",
      "availability": [
        "IN_STORE",
        "ONLINE"
      ],
      "saleType": "UNITS",
      "restrictedFlag": false,
      "liquorFlag": false,
      "tobaccoFlag": false,
      "originRegulated": false,
      "singlePrice": {
        "price": 379,
        "comparativePrice": {
          "pricePerUnit": 19,
          "unitQuantity": 1,
          "unitQuantityUom": "ea",
          "measureDescription": "ea"
        }
      },
      "facets": [
        {
          "itemCode": "00020012",
          "itemDescription": "Non-GMO"
        },
        {
          "itemCode": "00020007",
          "itemDescription": "Dairy Free"
        }
      ],
      "categoryTrees": [
        {
          "level0": "Kitchen, Dining & Household",
          "level1": "Household",
          "level2": "Disposable Tableware"
        }
      ],
      "cateredFlag": false
    },
    {
      "productId": "5260018-EA-000",
      "brand": "Pams",
      "name": "Sugarcane Dessert Bowls",
      "displayName": "20pk",
      "availability": [
        "IN_STORE",
        "ONLINE"
      ],
      "saleType": "UNITS",
      "restrictedFlag": false,
      "liquorFlag": false,
      "tobaccoFlag": false,
      "originRegulated": false,
      "singlePrice": {
        "price": 489,
        "comparativePrice": {
          "pricePerUnit": 24,
          "unitQuantity": 1,
          "unitQuantityUom": "ea",
          "measureDescription": "ea"
        }
      },
      "facets": [
        {
          "itemCode": "00020012",
          "itemDescription": "Non-GMO"
        },
        {
          "itemCode": "00020007",
          "itemDescription": "Dairy Free"
        }
      ],
      "categoryTrees": [
        {
          "level0": "Kitchen, Dining & Household",
          "level1": "Household",
          "level2": "Disposable Tableware"
        }
      ],
      "cateredFlag": false
    },
    {
      "productId": "5260050-EA-000",
      "brand": "Value",
      "name": "Flock Lined Rubber Gloves Large",
      "displayName": "1pk",
      "availability": [
        "IN_STORE",
        "ONLINE"
      ],
      "saleType": "UNITS",
      "restrictedFlag": false,
      "liquorFlag": false,
      "tobaccoFlag": false,
      "originRegulated": false,
      "singlePrice": {
        "price": 199
      },
      "facets": [
        {
          "itemCode": "00020012",
          "itemDescription": "Non-GMO"
        }
      ],
      "categoryTrees": [
        {
          "level0": "Kitchen, Dining & Household",
          "level1": "Cleaning Products",
          "level2": "Cleaning Accessories"
        }
      ],
      "cateredFlag": false
    },
    {
      "productId": "5011161-EA-000",
      "brand": "Air Wick",
      "name": "Vanilla Air Freshener",
      "displayName": "237g",
      "availability": [
        "IN_STORE",
        "ONLINE"
      ],
      "saleType": "UNITS",
      "restrictedFlag": false,
      "liquorFlag": false,
      "tobaccoFlag": false,
      "originRegulated": false,
      "singlePrice": {
        "price": 279,
        "promoId": "128929717",
        "comparativePrice": {
          "pricePerUnit": 118,
          "unitQuantity": 100,
          "unitQuantityUom": "g",
          "measureDescription": "100g"
        }
      },
      "promotions": [
        {
          "promoId": "128929717",
          "rewardValue": 279,
          "decal": "6000",
          "sapType": "BASE",
          "rewardType": "NEW_PRICE",
          "threshold": 1,
          "limit": 0,
          "multiProducts": false,
          "cardDependencyFlag": false,
          "bestPromotion": true,
          "comparativePrice": {
            "pricePerUnit": 118,
            "unitQuantity": 100,
            "unitQuantityUom": "g",
            "measureDescription": "100g"
          }
        }
      ],
      "categoryTrees": [
        {
          "level0": "Kitchen, Dining & Household",
          "level1": "Household",
          "level2": "Air Fresheners & Deodorisers"
        }
      ],
      "cateredFlag": false
    },
    {
      "productId": "5011158-EA-000",
      "brand": "Air Wick",
      "name": "Frangipani & Mango Air Freshener",
      "displayName": "237g",
      "availability": [
        "IN_STORE",
        "ONLINE"
      ],
      "saleType": "UNITS",
      "restrictedFlag": false,
      "liquorFlag": false,
      "tobaccoFlag": false,
      "originRegulated": false,
      "singlePrice": {
        "price": 279,
        "promoId": "128929717",
        "comparativePrice": {
          "pricePerUnit": 118,
          "unitQuantity": 100,
          "unitQuantityUom": "g",
          "measureDescription": "100g"
        }
      },
      "promotions": [
        {
          "promoId": "128929717",
          "rewardValue": 279,
          "decal": "6000",
          "sapType": "BASE",
          "rewardType": "NEW_PRICE",
          "threshold": 1,
          "limit": 0,
          "multiProducts": false,
          "cardDependencyFlag": false,
          "bestPromotion": true,
          "comparativePrice": {
            "pricePerUnit": 118,
            "unitQuantity": 100,
            "unitQuantityUom": "g",
            "measureDescription": "100g"
          }
        }
      ],
      "categoryTrees": [
        {
          "level0": "Kitchen, Dining & Household",
          "level1": "Household",
          "level2": "Air Fresheners & Deodorisers"
        }
      ],
      "cateredFlag": false
    },
    {
      "productId": "5250074-EA-000",
      "brand": "Duck",
      "name": "Marine Toilet Foaming Bleach Gel",
      "displayName": "750ml",
      "availability": [
        "IN_STORE",
        "ONLINE"
      ],
      "saleType": "UNITS",
      "restrictedFlag": false,
      "liquorFlag": false,
      "tobaccoFlag": false,
      "originRegulated": false,
      "singlePrice": {
        "price": 429,
        "promoId": "128974071",
        "comparativePrice": {
          "pricePerUnit": 57,
          "unitQuantity": 100,
          "unitQuantityUom": "ml",
          "measureDescription": "100ml"
        }
      },
      "promotions": [
        {
          "promoId": "128974071",
          "rewardValue": 429,
          "decal": "7000",
          "sapType": "BASE",
          "rewardType": "NEW_PRICE",
          "threshold": 1,
          "limit": 0,
          "multiProducts": false,
          "cardDependencyFlag": false,
          "bestPromotion": true,
          "comparativePrice": {
            "pricePerUnit": 57,
            "unitQuantity": 100,
            "unitQuantityUom": "ml",
            "measureDescription": "100ml"
          }
        }
      ],
      "categoryTrees": [
        {
          "level0": "Kitchen, Dining & Household",
          "level1": "Cleaning Products",
          "level2": "Bathroom & Shower Cleaners"
        }
      ],
      "cateredFlag": false
    },
    {
      "productId": "5005710-EA-000",
      "brand": "Energizer",
      "name": "Max AA Battery",
      "displayName": "4pk",
      "availability": [
        "IN_STORE",
        "ONLINE"
      ],
      "saleType": "UNITS",
      "restrictedFlag": false,
      "liquorFlag": false,
      "tobaccoFlag": false,
      "originRegulated": false,
      "singlePrice": {
        "price": 999,
        "promoId": "129022041",
        "comparativePrice": {
          "pricePerUnit": 250,
          "unitQuantity": 1,
          "unitQuantityUom": "ea",
          "measureDescription": "ea"
        }
      },
      "promotions": [
        {
          "promoId": "129022041",
          "rewardValue": 999,
          "decal": "7000",
          "sapType": "BASE",
          "rewardType": "NEW_PRICE",
          "threshold": 1,
          "limit": 0,
          "multiProducts": false,
          "cardDependencyFlag": false,
          "bestPromotion": true,
          "comparativePrice": {
            "pricePerUnit": 250,
            "unitQuantity": 1,
            "unitQuantityUom": "ea",
            "measureDescription": "ea"
          }
        }
      ],
      "categoryTrees": [
        {
          "level0": "Kitchen, Dining & Household",
          "level1": "Household",
          "level2": "Batteries"
        }
      ],
      "cateredFlag": false
    },
    {
      "productId": "5002876-EA-000",
      "brand": "Eveready",
      "name": "Super Heavy Duty AA Battery",
      "displayName": "4pk",
      "availability": [
        "IN_STORE",
        "ONLINE"
      ],
      "saleType": "UNITS",
      "restrictedFlag": false,
      "liquorFlag": false,
      "tobaccoFlag": false,
      "originRegulated": false,
      "singlePrice": {
        "price": 629,
        "comparativePrice": {
          "pricePerUnit": 157,
          "unitQuantity": 1,
          "unitQuantityUom": "ea",
          "measureDescription": "ea"
        }
      },
      "categoryTrees": [
        {
          "level0": "Kitchen, Dining & Household",
          "level1": "Household",
          "level2": "Batteries"
        }
      ],
      "cateredFlag": false
    },
    {
      "productId": "5008681-EA-000",
      "brand": "Chux",
      "name": "Non-Scratch Silver Scourer",
      "displayName": "1pk",
      "availability": [
        "IN_STORE",
        "ONLINE"
      ],
      "saleType": "UNITS",
      "restrictedFlag": false,
      "liquorFlag": false,
      "tobaccoFlag": false,
      "originRegulated": false,
      "singlePrice": {
        "price": 429
      },
      "categoryTrees": [
        {
          "level0": "Kitchen, Dining & Household",
          "level1": "Cleaning Products",
          "level2": "Cleaning Accessories"
        }
      ],
      "cateredFlag": false
    },
    {
      "productId": "5008208-EA-000",
      "brand": "Mono",
      "name": "Baking Paper Refill 300mm x 20m",
      "displayName": "ea",
      "availability": [
        "IN_STORE",
        "ONLINE"
      ],
      "saleType": "UNITS",
      "restrictedFlag": false,
      "liquorFlag": false,
      "tobaccoFlag": false,
      "originRegulated": false,
      "singlePrice": {
        "price": 749,
        "promoId": "128923017",
        "comparativePrice": {
          "pricePerUnit": 37,
          "unitQuantity": 1,
          "unitQuantityUom": "m",
          "measureDescription": "1m"
        }
      },
      "promotions": [
        {
          "promoId": "128923017",
          "rewardValue": 749,
          "decal": "6000",
          "sapType": "BASE",
          "rewardType": "NEW_PRICE",
          "threshold": 1,
          "limit": 0,
          "multiProducts": false,
          "cardDependencyFlag": false,
          "bestPromotion": true,
          "comparativePrice": {
            "pricePerUnit": 37,
            "unitQuantity": 1,
            "unitQuantityUom": "m",
            "measureDescription": "1m"
          }
        }
      ],
      "categoryTrees": [
        {
          "level0": "Kitchen, Dining & Household",
          "level1": "Household",
          "level2": "Food Wraps & Bags"
        }
      ],
      "cateredFlag": false
    },
    {
      "productId": "5009573-EA-000",
      "brand": "Glade",
      "name": "Shake 'N Vac Essence Of Summer Carpet Freshener",
      "displayName": "550g",
      "availability": [
        "IN_STORE",
        "ONLINE"
      ],
      "saleType": "UNITS",
      "restrictedFlag": false,
      "liquorFlag": false,
      "tobaccoFlag": false,
      "originRegulated": false,
      "singlePrice": {
        "price": 699,
        "promoId": "128974053",
        "comparativePrice": {
          "pricePerUnit": 127,
          "unitQuantity": 100,
          "unitQuantityUom": "g",
          "measureDescription": "100g"
        }
      },
      "promotions": [
        {
          "promoId": "128974053",
          "rewardValue": 699,
          "decal": "7000",
          "sapType": "BASE",
          "rewardType": "NEW_PRICE",
          "threshold": 1,
          "limit": 0,
          "multiProducts": false,
          "cardDependencyFlag": false,
          "bestPromotion": true,
          "comparativePrice": {
            "pricePerUnit": 127,
            "unitQuantity": 100,
            "unitQuantityUom": "g",
            "measureDescription": "100g"
          }
        }
      ],
      "facets": [
        {
          "itemCode": "00020012",
          "itemDescription": "Non-GMO"
        }
      ],
      "categoryTrees": [
        {
          "level0": "Kitchen, Dining & Household",
          "level1": "Cleaning Products",
          "level2": "Carpet & Floor Cleaners"
        }
      ],
      "cateredFlag": false
    },
    {
      "productId": "5226108-EA-000",
      "brand": "Cussons Morning Fresh",
      "name": "Ultimate Pro Performance Lemon Dishwashing Liquid",
      "displayName": "350ml",
      "availability": [
        "IN_STORE",
        "ONLINE"
      ],
      "saleType": "UNITS",
      "restrictedFlag": false,
      "liquorFlag": false,
      "tobaccoFlag": false,
      "originRegulated": false,
      "singlePrice": {
        "price": 229,
        "comparativePrice": {
          "pricePerUnit": 65,
          "unitQuantity": 100,
          "unitQuantityUom": "ml",
          "measureDescription": "100ml"
        }
      },
      "facets": [
        {
          "itemCode": "00020012",
          "itemDescription": "Non-GMO"
        }
      ],
      "categoryTrees": [
        {
          "level0": "Kitchen, Dining & Household",
          "level1": "Cleaning Products",
          "level2": "Dishwashing Liquid"
        }
      ],
      "cateredFlag": false
    },
    {
      "productId": "5034296-EA-000",
      "brand": "Earthwise",
      "name": "Ultra Sensitive Fragrance Free Plant Powered Laundry Liquid",
      "displayName": "2l",
      "availability": [
        "IN_STORE",
        "ONLINE"
      ],
      "saleType": "UNITS",
      "restrictedFlag": false,
      "liquorFlag": false,
      "tobaccoFlag": false,
      "originRegulated": false,
      "singlePrice": {
        "price": 1029,
        "promoId": "128959034",
        "comparativePrice": {
          "pricePerUnit": 51,
          "unitQuantity": 100,
          "unitQuantityUom": "ml",
          "measureDescription": "100ml"
        }
      },
      "promotions": [
        {
          "promoId": "128959034",
          "rewardValue": 1029,
          "decal": "6000",
          "sapType": "BASE",
          "rewardType": "NEW_PRICE",
          "threshold": 1,
          "limit": 0,
          "multiProducts": false,
          "cardDependencyFlag": false,
          "bestPromotion": true,
          "comparativePrice": {
            "pricePerUnit": 51,
            "unitQuantity": 100,
            "unitQuantityUom": "ml",
            "measureDescription": "100ml"
          }
        }
      ],
      "categoryTrees": [
        {
          "level0": "Kitchen, Dining & Household",
          "level1": "Laundry",
          "level2": "Laundry Liquid & Capsules"
        }
      ],
      "cateredFlag": false
    },
    {
      "productId": "5014541-EA-000",
      "brand": "Chux",
      "name": "All-Purpose Absorbent Cloth",
      "displayName": "2pk",
      "availability": [
        "IN_STORE",
        "ONLINE"
      ],
      "saleType": "UNITS",
      "restrictedFlag": false,
      "liquorFlag": false,
      "tobaccoFlag": false,
      "originRegulated": false,
      "singlePrice": {
        "price": 279,
        "promoId": "128943563",
        "comparativePrice": {
          "pricePerUnit": 140,
          "unitQuantity": 1,
          "unitQuantityUom": "ea",
          "measureDescription": "ea"
        }
      },
      "promotions": [
        {
          "promoId": "128943563",
          "rewardValue": 279,
          "decal": "6000",
          "sapType": "BASE",
          "rewardType": "NEW_PRICE",
          "threshold": 1,
          "limit": 0,
          "multiProducts": false,
          "cardDependencyFlag": false,
          "bestPromotion": true,
          "comparativePrice": {
            "pricePerUnit": 140,
            "unitQuantity": 1,
            "unitQuantityUom": "ea",
            "measureDescription": "ea"
          }
        }
      ],
      "categoryTrees": [
        {
          "level0": "Kitchen, Dining & Household",
          "level1": "Cleaning Products",
          "level2": "Cleaning Accessories"
        }
      ],
      "cateredFlag": false
    },
    {
      "productId": "5015228-EA-000",
      "brand": "Duck",
      "name": "Marine Toilet Fresh Discs",
      "displayName": "36ml",
      "availability": [
        "IN_STORE",
        "ONLINE"
      ],
      "saleType": "UNITS",
      "restrictedFlag": false,
      "liquorFlag": false,
      "tobaccoFlag": false,
      "originRegulated": false,
      "singlePrice": {
        "price": 479,
        "promoId": "128974108",
        "comparativePrice": {
          "pricePerUnit": 1331,
          "unitQuantity": 100,
          "unitQuantityUom": "ml",
          "measureDescription": "100ml"
        }
      },
      "promotions": [
        {
          "promoId": "128974108",
          "rewardValue": 479,
          "decal": "7000",
          "sapType": "BASE",
          "rewardType": "NEW_PRICE",
          "threshold": 1,
          "limit": 0,
          "multiProducts": false,
          "cardDependencyFlag": false,
          "bestPromotion": true,
          "comparativePrice": {
            "pricePerUnit": 1331,
            "unitQuantity": 100,
            "unitQuantityUom": "ml",
            "measureDescription": "100ml"
          }
        }
      ],
      "categoryTrees": [
        {
          "level0": "Kitchen, Dining & Household",
          "level1": "Cleaning Products",
          "level2": "Bathroom & Shower Cleaners"
        }
      ],
      "cateredFlag": false
    },
    {
      "productId": "5022275-EA-000",
      "brand": "Sard",
      "name": "Whitening Stain Remover Powder Soaker",
      "displayName": "1kg",
      "availability": [
        "IN_STORE",
        "ONLINE"
      ],
      "saleType": "UNITS",
      "restrictedFlag": false,
      "liquorFlag": false,
      "tobaccoFlag": false,
      "originRegulated": false,
      "singlePrice": {
        "price": 899,
        "comparativePrice": {
          "pricePerUnit": 90,
          "unitQuantity": 100,
          "unitQuantityUom": "g",
          "measureDescription": "100g"
        }
      },
      "categoryTrees": [
        {
          "level0": "Kitchen, Dining & Household",
          "level1": "Laundry",
          "level2": "Pre Wash Stain Removers"
        }
      ],
      "cateredFlag": false
    },
    {
      "productId": "5036675-EA-000",
      "brand": "Chux",
      "name": "Heavy Duty Scourer + Super Absorbent Sponge",
      "displayName": "2pk",
      "availability": [
        "IN_STORE",
        "ONLINE"
      ],
      "saleType": "UNITS",
      "restrictedFlag": false,
      "liquorFlag": false,
      "tobaccoFlag": false,
      "originRegulated": false,
      "singlePrice": {
        "price": 539,
        "comparativePrice": {
          "pricePerUnit": 270,
          "unitQuantity": 1,
          "unitQuantityUom": "ea",
          "measureDescription": "ea"
        }
      },
      "categoryTrees": [
        {
          "level0": "Kitchen, Dining & Household",
          "level1": "Cleaning Products",
          "level2": "Cleaning Accessories"
        }
      ],
      "cateredFlag": false
    },
    {
      "productId": "5021769-EA-000",
      "brand": "Spring Fresh",
      "name": "Multi Purpose Cloths Easy Tear Roll",
      "displayName": "50pk",
      "availability": [
        "IN_STORE",
        "ONLINE"
      ],
      "saleType": "UNITS",
      "restrictedFlag": false,
      "liquorFlag": false,
      "tobaccoFlag": false,
      "originRegulated": false,
      "singlePrice": {
        "price": 699,
        "promoId": "128865407",
        "comparativePrice": {
          "pricePerUnit": 1398,
          "unitQuantity": 100,
          "unitQuantityUom": " ",
          "measureDescription": "100"
        }
      },
      "promotions": [
        {
          "promoId": "128865407",
          "rewardValue": 699,
          "decal": "6000",
          "sapType": "BASE",
          "rewardType": "NEW_PRICE",
          "threshold": 1,
          "limit": 0,
          "multiProducts": false,
          "cardDependencyFlag": false,
          "bestPromotion": true,
          "comparativePrice": {
            "pricePerUnit": 1398,
            "unitQuantity": 100,
            "unitQuantityUom": " ",
            "measureDescription": "100"
          }
        }
      ],
      "categoryTrees": [
        {
          "level0": "Kitchen, Dining & Household",
          "level1": "Cleaning Products",
          "level2": "Cleaning Accessories"
        }
      ],
      "cateredFlag": false
    },
    {
      "productId": "5012546-EA-000",
      "brand": "No Vac",
      "name": "Fresh Pet Foaming Carpet & Fabric Sanitiser & Deodoriser",
      "displayName": "290g",
      "availability": [
        "IN_STORE",
        "ONLINE"
      ],
      "saleType": "UNITS",
      "restrictedFlag": false,
      "liquorFlag": false,
      "tobaccoFlag": false,
      "originRegulated": false,
      "singlePrice": {
        "price": 899,
        "comparativePrice": {
          "pricePerUnit": 310,
          "unitQuantity": 100,
          "unitQuantityUom": "g",
          "measureDescription": "100g"
        }
      },
      "categoryTrees": [
        {
          "level0": "Kitchen, Dining & Household",
          "level1": "Cleaning Products",
          "level2": "Carpet & Floor Cleaners"
        }
      ],
      "cateredFlag": false
    },
    {
      "productId": "5272645-EA-000",
      "brand": "Dettol",
      "name": "Crisp Apple Burst Multipurpose Cleaner Antibacterial Spray",
      "displayName": "750ml",
      "availability": [
        "IN_STORE",
        "ONLINE"
      ],
      "saleType": "UNITS",
      "restrictedFlag": false,
      "liquorFlag": false,
      "tobaccoFlag": false,
      "originRegulated": false,
      "singlePrice": {
        "price": 599,
        "comparativePrice": {
          "pricePerUnit": 80,
          "unitQuantity": 100,
          "unitQuantityUom": "ml",
          "measureDescription": "100ml"
        }
      },
      "categoryTrees": [
        {
          "level0": "Kitchen, Dining & Household",
          "level1": "Cleaning Products",
          "level2": "All Purpose Cleaners"
        }
      ],
      "cateredFlag": false
    },
    {
      "productId": "5222764-EA-000",
      "brand": "Harpic",
      "name": "Fresh Power Sparkling Citrus Toilet Cleaner",
      "displayName": "700ml",
      "availability": [
        "IN_STORE",
        "ONLINE"
      ],
      "saleType": "UNITS",
      "restrictedFlag": false,
      "liquorFlag": false,
      "tobaccoFlag": false,
      "originRegulated": false,
      "singlePrice": {
        "price": 449,
        "comparativePrice": {
          "pricePerUnit": 64,
          "unitQuantity": 100,
          "unitQuantityUom": "ml",
          "measureDescription": "100ml"
        }
      },
      "categoryTrees": [
        {
          "level0": "Kitchen, Dining & Household",
          "level1": "Cleaning Products",
          "level2": "Bathroom & Shower Cleaners"
        }
      ],
      "cateredFlag": false
    },
    {
      "productId": "5030891-EA-000",
      "brand": "Duck",
      "name": "Lavender Toilet Liquid Rim Block",
      "displayName": "50ml",
      "availability": [
        "IN_STORE",
        "ONLINE"
      ],
      "saleType": "UNITS",
      "restrictedFlag": false,
      "liquorFlag": false,
      "tobaccoFlag": false,
      "originRegulated": false,
      "singlePrice": {
        "price": 399,
        "promoId": "128974075",
        "comparativePrice": {
          "pricePerUnit": 798,
          "unitQuantity": 100,
          "unitQuantityUom": "ml",
          "measureDescription": "100ml"
        }
      },
      "promotions": [
        {
          "promoId": "128974075",
          "rewardValue": 399,
          "decal": "6000",
          "sapType": "BASE",
          "rewardType": "NEW_PRICE",
          "threshold": 1,
          "limit": 0,
          "multiProducts": false,
          "cardDependencyFlag": false,
          "bestPromotion": true,
          "comparativePrice": {
            "pricePerUnit": 798,
            "unitQuantity": 100,
            "unitQuantityUom": "ml",
            "measureDescription": "100ml"
          }
        }
      ],
      "facets": [
        {
          "itemCode": "00020012",
          "itemDescription": "Non-GMO"
        }
      ],
      "categoryTrees": [
        {
          "level0": "Kitchen, Dining & Household",
          "level1": "Cleaning Products",
          "level2": "Bathroom & Shower Cleaners"
        }
      ],
      "cateredFlag": false
    },
    {
      "productId": "5216802-EA-000",
      "brand": "Air Wick",
      "name": "Pure Spring Delight Air Freshener",
      "displayName": "159g",
      "availability": [
        "IN_STORE",
        "ONLINE"
      ],
      "saleType": "UNITS",
      "restrictedFlag": false,
      "liquorFlag": false,
      "tobaccoFlag": false,
      "originRegulated": false,
      "singlePrice": {
        "price": 649,
        "comparativePrice": {
          "pricePerUnit": 408,
          "unitQuantity": 100,
          "unitQuantityUom": "g",
          "measureDescription": "100g"
        }
      },
      "categoryTrees": [
        {
          "level0": "Kitchen, Dining & Household",
          "level1": "Household",
          "level2": "Air Fresheners & Deodorisers"
        }
      ],
      "cateredFlag": false
    },
    {
      "productId": "5009334-EA-000",
      "brand": "Chux",
      "name": "Collections Thin Sponges",
      "displayName": "4pk",
      "availability": [
        "IN_STORE",
        "ONLINE"
      ],
      "saleType": "UNITS",
      "restrictedFlag": false,
      "liquorFlag": false,
      "tobaccoFlag": false,
      "originRegulated": false,
      "singlePrice": {
        "price": 339,
        "promoId": "128929642",
        "comparativePrice": {
          "pricePerUnit": 85,
          "unitQuantity": 1,
          "unitQuantityUom": "ea",
          "measureDescription": "ea"
        }
      },
      "promotions": [
        {
          "promoId": "128929642",
          "rewardValue": 339,
          "decal": "6000",
          "sapType": "BASE",
          "rewardType": "NEW_PRICE",
          "threshold": 1,
          "limit": 0,
          "multiProducts": false,
          "cardDependencyFlag": false,
          "bestPromotion": true,
          "comparativePrice": {
            "pricePerUnit": 85,
            "unitQuantity": 1,
            "unitQuantityUom": "ea",
            "measureDescription": "ea"
          }
        }
      ],
      "categoryTrees": [
        {
          "level0": "Kitchen, Dining & Household",
          "level1": "Cleaning Products",
          "level2": "Cleaning Accessories"
        }
      ],
      "cateredFlag": false
    },
    {
      "productId": "5225014-EA-000",
      "brand": "Value",
      "name": "Multi-Purpose Cleaning Cloths",
      "displayName": "50pk",
      "availability": [
        "IN_STORE",
        "ONLINE"
      ],
      "saleType": "UNITS",
      "restrictedFlag": false,
      "liquorFlag": false,
      "tobaccoFlag": false,
      "originRegulated": false,
      "singlePrice": {
        "price": 659,
        "comparativePrice": {
          "pricePerUnit": 1318,
          "unitQuantity": 100,
          "unitQuantityUom": " ",
          "measureDescription": "100"
        }
      },
      "facets": [
        {
          "itemCode": "00020012",
          "itemDescription": "Non-GMO"
        }
      ],
      "categoryTrees": [
        {
          "level0": "Kitchen, Dining & Household",
          "level1": "Cleaning Products",
          "level2": "Cleaning Accessories"
        }
      ],
      "cateredFlag": false
    },
    {
      "productId": "5248179-EA-000",
      "brand": "Vanish",
      "name": "Napisan Stain Remover Gold Powder",
      "displayName": "900g",
      "availability": [
        "IN_STORE",
        "ONLINE"
      ],
      "saleType": "UNITS",
      "restrictedFlag": false,
      "liquorFlag": false,
      "tobaccoFlag": false,
      "originRegulated": false,
      "singlePrice": {
        "price": 1499,
        "comparativePrice": {
          "pricePerUnit": 167,
          "unitQuantity": 100,
          "unitQuantityUom": "g",
          "measureDescription": "100g"
        }
      },
      "categoryTrees": [
        {
          "level0": "Kitchen, Dining & Household",
          "level1": "Laundry",
          "level2": "Pre Wash Stain Removers"
        }
      ],
      "cateredFlag": false
    },
    {
      "productId": "5009722-EA-000",
      "brand": "Duck",
      "name": "Pine Toilet Liquid Rim Block",
      "displayName": "50ml",
      "availability": [
        "IN_STORE",
        "ONLINE"
      ],
      "saleType": "UNITS",
      "restrictedFlag": false,
      "liquorFlag": false,
      "tobaccoFlag": false,
      "originRegulated": false,
      "singlePrice": {
        "price": 399,
        "promoId": "128974075",
        "comparativePrice": {
          "pricePerUnit": 798,
          "unitQuantity": 100,
          "unitQuantityUom": "ml",
          "measureDescription": "100ml"
        }
      },
      "promotions": [
        {
          "promoId": "128974075",
          "rewardValue": 399,
          "decal": "6000",
          "sapType": "BASE",
          "rewardType": "NEW_PRICE",
          "threshold": 1,
          "limit": 0,
          "multiProducts": false,
          "cardDependencyFlag": false,
          "bestPromotion": true,
          "comparativePrice": {
            "pricePerUnit": 798,
            "unitQuantity": 100,
            "unitQuantityUom": "ml",
            "measureDescription": "100ml"
          }
        }
      ],
      "facets": [
        {
          "itemCode": "00020012",
          "itemDescription": "Non-GMO"
        }
      ],
      "categoryTrees": [
        {
          "level0": "Kitchen, Dining & Household",
          "level1": "Cleaning Products",
          "level2": "Bathroom & Shower Cleaners"
        }
      ],
      "cateredFlag": false
    },
    {
      "productId": "5020374-EA-000",
      "brand": "Raid",
      "name": "Exterminator Flea & Cockroach Bomb",
      "displayName": "3pk",
      "availability": [
        "IN_STORE",
        "ONLINE"
      ],
      "saleType": "UNITS",
      "restrictedFlag": false,
      "liquorFlag": false,
      "tobaccoFlag": false,
      "originRegulated": false,
      "singlePrice": {
        "price": 1799,
        "comparativePrice": {
          "pricePerUnit": 375,
          "unitQuantity": 100,
          "unitQuantityUom": "g",
          "measureDescription": "100g"
        }
      },
      "categoryTrees": [
        {
          "level0": "Kitchen, Dining & Household",
          "level1": "Household",
          "level2": "Pest & Insect Control"
        }
      ],
      "cateredFlag": false
    },
    {
      "productId": "5287216-EA-000",
      "brand": "Surf",
      "name": "Tropical Laundry Capsules",
      "displayName": "30pk",
      "availability": [
        "IN_STORE",
        "ONLINE"
      ],
      "saleType": "UNITS",
      "restrictedFlag": false,
      "liquorFlag": false,
      "tobaccoFlag": false,
      "originRegulated": false,
      "singlePrice": {
        "price": 1439,
        "comparativePrice": {
          "pricePerUnit": 48,
          "unitQuantity": 1,
          "unitQuantityUom": "ea",
          "measureDescription": "ea"
        }
      },
      "facets": [
        {
          "itemCode": "00020012",
          "itemDescription": "Non-GMO"
        }
      ],
      "categoryTrees": [
        {
          "level0": "Kitchen, Dining & Household",
          "level1": "Laundry",
          "level2": "Laundry Liquid & Capsules"
        }
      ],
      "cateredFlag": false
    },
    {
      "productId": "5008210-EA-000",
      "brand": "Mono",
      "name": "Foil Wrap Dispenser 300mm Wide",
      "displayName": "25m",
      "availability": [
        "IN_STORE",
        "ONLINE"
      ],
      "saleType": "UNITS",
      "restrictedFlag": false,
      "liquorFlag": false,
      "tobaccoFlag": false,
      "originRegulated": false,
      "singlePrice": {
        "price": 649,
        "promoId": "128923020",
        "comparativePrice": {
          "pricePerUnit": 26,
          "unitQuantity": 1,
          "unitQuantityUom": "m",
          "measureDescription": "1m"
        }
      },
      "promotions": [
        {
          "promoId": "128923020",
          "rewardValue": 649,
          "decal": "6000",
          "sapType": "BASE",
          "rewardType": "NEW_PRICE",
          "threshold": 1,
          "limit": 0,
          "multiProducts": false,
          "cardDependencyFlag": false,
          "bestPromotion": true,
          "comparativePrice": {
            "pricePerUnit": 26,
            "unitQuantity": 1,
            "unitQuantityUom": "m",
            "measureDescription": "1m"
          }
        }
      ],
      "categoryTrees": [
        {
          "level0": "Kitchen, Dining & Household",
          "level1": "Household",
          "level2": "Food Wraps & Bags"
        }
      ],
      "cateredFlag": false
    },
    {
      "productId": "5010128-EA-000",
      "brand": "Easy-Off",
      "name": "Heavy Duty Oven & BBQ Cleaner",
      "displayName": "325g",
      "availability": [
        "IN_STORE",
        "ONLINE"
      ],
      "saleType": "UNITS",
      "restrictedFlag": false,
      "liquorFlag": false,
      "tobaccoFlag": false,
      "originRegulated": false,
      "singlePrice": {
        "price": 629,
        "comparativePrice": {
          "pricePerUnit": 194,
          "unitQuantity": 100,
          "unitQuantityUom": "g",
          "measureDescription": "100g"
        }
      },
      "categoryTrees": [
        {
          "level0": "Kitchen, Dining & Household",
          "level1": "Cleaning Products",
          "level2": "Kitchen Cleaners"
        }
      ],
      "cateredFlag": false
    },
    {
      "productId": "5017077-EA-000",
      "brand": "Pams",
      "name": "Kitchen Toothpicks Bamboo With Holder",
      "displayName": "250pk",
      "availability": [
        "IN_STORE",
        "ONLINE"
      ],
      "saleType": "UNITS",
      "restrictedFlag": false,
      "liquorFlag": false,
      "tobaccoFlag": false,
      "originRegulated": false,
      "singlePrice": {
        "price": 399,
        "comparativePrice": {
          "pricePerUnit": 160,
          "unitQuantity": 100,
          "unitQuantityUom": " ",
          "measureDescription": "100"
        }
      },
      "facets": [
        {
          "itemCode": "00020012",
          "itemDescription": "Non-GMO"
        }
      ],
      "categoryTrees": [
        {
          "level0": "Kitchen, Dining & Household",
          "level1": "Household",
          "level2": "Kitchenware"
        }
      ],
      "cateredFlag": false
    },
    {
      "productId": "5005999-EA-000",
      "brand": "Vanish",
      "name": "Napisan Stain Remover White Powder",
      "displayName": "1kg",
      "availability": [
        "IN_STORE",
        "ONLINE"
      ],
      "saleType": "UNITS",
      "restrictedFlag": false,
      "liquorFlag": false,
      "tobaccoFlag": false,
      "originRegulated": false,
      "singlePrice": {
        "price": 1149,
        "comparativePrice": {
          "pricePerUnit": 115,
          "unitQuantity": 100,
          "unitQuantityUom": "g",
          "measureDescription": "100g"
        }
      },
      "categoryTrees": [
        {
          "level0": "Kitchen, Dining & Household",
          "level1": "Laundry",
          "level2": "Pre Wash Stain Removers"
        }
      ],
      "cateredFlag": false
    },
    {
      "productId": "5010102-EA-000",
      "brand": "Philips",
      "name": "Softone 75w Soft White Screw Bulb",
      "displayName": "1pk",
      "availability": [
        "IN_STORE",
        "ONLINE"
      ],
      "saleType": "UNITS",
      "restrictedFlag": false,
      "liquorFlag": false,
      "tobaccoFlag": false,
      "originRegulated": false,
      "singlePrice": {
        "price": 159
      },
      "categoryTrees": [
        {
          "level0": "Kitchen, Dining & Household",
          "level1": "Household",
          "level2": "Light Bulbs"
        }
      ],
      "cateredFlag": false
    },
    {
      "productId": "5249837-EA-000",
      "brand": "Persil",
      "name": "Sensitive Laundry Liquid",
      "displayName": "4l",
      "availability": [
        "IN_STORE",
        "ONLINE"
      ],
      "saleType": "UNITS",
      "restrictedFlag": false,
      "liquorFlag": false,
      "tobaccoFlag": false,
      "originRegulated": false,
      "singlePrice": {
        "price": 2499,
        "promoId": "128929771",
        "comparativePrice": {
          "pricePerUnit": 62,
          "unitQuantity": 100,
          "unitQuantityUom": "ml",
          "measureDescription": "100ml"
        }
      },
      "promotions": [
        {
          "promoId": "128929771",
          "rewardValue": 2499,
          "decal": "6000",
          "sapType": "BASE",
          "rewardType": "NEW_PRICE",
          "threshold": 1,
          "limit": 0,
          "multiProducts": false,
          "cardDependencyFlag": false,
          "bestPromotion": true,
          "comparativePrice": {
            "pricePerUnit": 62,
            "unitQuantity": 100,
            "unitQuantityUom": "ml",
            "measureDescription": "100ml"
          }
        }
      ],
      "facets": [
        {
          "itemCode": "00020012",
          "itemDescription": "Non-GMO"
        }
      ],
      "categoryTrees": [
        {
          "level0": "Kitchen, Dining & Household",
          "level1": "Laundry",
          "level2": "Laundry Liquid & Capsules"
        }
      ],
      "cateredFlag": false
    },
    {
      "productId": "5012828-EA-000",
      "brand": "Martha's",
      "name": "Eucalyptus Scented Wool Mix",
      "displayName": "750ml",
      "availability": [
        "IN_STORE",
        "ONLINE"
      ],
      "saleType": "UNITS",
      "restrictedFlag": false,
      "liquorFlag": false,
      "tobaccoFlag": false,
      "originRegulated": false,
      "singlePrice": {
        "price": 549,
        "comparativePrice": {
          "pricePerUnit": 73,
          "unitQuantity": 100,
          "unitQuantityUom": "ml",
          "measureDescription": "100ml"
        }
      },
      "categoryTrees": [
        {
          "level0": "Kitchen, Dining & Household",
          "level1": "Laundry",
          "level2": "Fine Fabric Washers"
        }
      ],
      "cateredFlag": false
    },
    {
      "productId": "5016409-EA-000",
      "brand": "Active",
      "name": "Lime With Baking Soda Dishwasher Cleaner",
      "displayName": "250ml",
      "availability": [
        "IN_STORE",
        "ONLINE"
      ],
      "saleType": "UNITS",
      "restrictedFlag": false,
      "liquorFlag": false,
      "tobaccoFlag": false,
      "originRegulated": false,
      "singlePrice": {
        "price": 699,
        "promoId": "128929939",
        "comparativePrice": {
          "pricePerUnit": 280,
          "unitQuantity": 100,
          "unitQuantityUom": "ml",
          "measureDescription": "100ml"
        }
      },
      "promotions": [
        {
          "promoId": "128929939",
          "rewardValue": 699,
          "decal": "6000",
          "sapType": "BASE",
          "rewardType": "NEW_PRICE",
          "threshold": 1,
          "limit": 0,
          "multiProducts": false,
          "cardDependencyFlag": false,
          "bestPromotion": true,
          "comparativePrice": {
            "pricePerUnit": 280,
            "unitQuantity": 100,
            "unitQuantityUom": "ml",
            "measureDescription": "100ml"
          }
        }
      ],
      "categoryTrees": [
        {
          "level0": "Kitchen, Dining & Household",
          "level1": "Cleaning Products",
          "level2": "Dishwasher Rinse & Clean"
        }
      ],
      "cateredFlag": false
    },
    {
      "productId": "5248624-EA-000",
      "brand": "Bic",
      "name": "Design Utility Lighter",
      "displayName": "1ea",
      "availability": [
        "IN_STORE"
      ],
      "saleType": "UNITS",
      "restrictedFlag": false,
      "liquorFlag": false,
      "tobaccoFlag": false,
      "originRegulated": false,
      "singlePrice": {
        "price": 979
      },
      "categoryTrees": [
        {
          "level0": "Kitchen, Dining & Household",
          "level1": "Household",
          "level2": "Fire Needs"
        }
      ],
      "cateredFlag": false
    }
  ],
  "algoliaSearchResult": {
    "facets": {
      "brand": {
        "Pams": 95,
        "Value": 63,
        "Korbond": 59,
        "Effects": 57,
        "Energizer": 48,
        "Sistema": 36,
        "Air Wick": 34,
        "Philips": 33,
        "Bic": 28,
        "Glade": 27,
        "Harpic": 25,
        "Dettol": 24,
        "Persil": 24,
        "Finish": 23,
        "Mortein": 23,
        "Surv": 23,
        "Duck": 21,
        "Eveready": 20,
        "Chux": 18,
        "Homeliving": 18,
        "Kate's Kitchen": 17,
        "Vanish": 17,
        "Zuru": 17,
        "Surf": 15,
        "Botanica": 13,
        "Raid": 13,
        "Real Value": 13,
        "Best": 12,
        "The Gardener": 12,
        "Big Black Sacks": 11,
        "Earthwise": 11,
        "Ja-Ru": 11,
        "Mr Muscle": 11,
        "Warwick": 11,
        "Ajax": 10,
        "Ecostore": 10,
        "Sellotape": 10,
        "Snazzee": 10,
        "Wonderdryer": 10,
        "Easy-Off": 9,
        "Fix It Today": 9,
        "Fluffy": 9,
        "Jackson": 9,
        "Antares": 7,
        "Cussons Morning Fresh": 7,
        "Decor": 7,
        "Holdfast": 7,
        "Sorbent": 7,
        "Ansell": 6,
        "Cuddly": 6,
        "Filta": 6,
        "Jif": 6,
        "Paseo": 6,
        "Sabco": 6,
        "Samba": 6,
        "Spring Fresh": 6,
        "3M": 5,
        "Active": 5,
        "Gorilla": 5,
        "Janola": 5,
        "Ziploc": 5,
        "Fab": 4,
        "Footcare": 4,
        "Justsoundz": 4,
        "Pams Value": 4,
        "Rug Doctor": 4,
        "Sistema TO GO": 4,
        "TV Guide": 4,
        "Tuffy": 4,
        "Wiltshire": 4,
        "Atomic": 3,
        "Boomerang": 3,
        "Cleanery": 3,
        "Collins": 3,
        "Croxley": 3,
        "DampRid": 3,
        "Dixon": 3,
        "Fresha": 3,
        "Glad": 3,
        "Good Change": 3,
        "Happy Birthday": 3,
        "Hot Devil": 3,
        "Kleenex": 3,
        "Mattel": 3,
        "Mono": 3,
        "National Candle": 3,
        "New Idea": 3,
        "No Vac": 3,
        "Ozkleen": 3,
        "Palmolive": 3,
        "Pledge": 3,
        "Purex": 3,
        "Seymours": 3,
        "Smash": 3,
        "Squishmallows": 3,
        "30 Seconds": 2,
        "Armor All": 2,
        "Beehive": 2,
        "Black Flag": 2,
        "Brand Developers": 2
      },
      "category1NI": {
        "Household": 660,
        "Cleaning Products": 338,
        "Stationery & Entertainment": 196,
        "Laundry": 115,
        "Garage & Outdoor": 60,
        "Pams": 45,
        "Baby Care": 1,
        "Dairy & Eggs": 1
      },
      "onPromotion": {
        "21ecaaed-0749-4492-985e-4bb7ba43d59c": 233,
        "48dd98cc-a757-4102-b15d-ea82b4b10571": 194,
        "7d48a781-4f68-4c91-a908-8659e1b22f95": 190,
        "3c5e3145-0767-4066-9349-6c0a1313acc5": 185,
        "dbca5e00-f7f9-43ae-91de-031ad16f8a92": 182,
        "61dd754e-8525-4b9e-9e08-173389eea8a8": 175,
        "49037947-e450-49bf-ba1f-a94551c79a72": 172,
        "c3f9e1a3-fc34-452d-af2e-95349e666ba4": 171,
        "15e6f441-5c1c-4d25-b4ec-1adf918c49c7": 169,
        "b29a98bd-749c-489c-9eef-6aa38e66a29b": 168,
        "b92cc33f-b5a8-4b57-9b82-412946800020": 165,
        "e1925ea7-01bc-4358-ae7c-c6502da5ab12": 165,
        "90082979-fb9f-4305-9c72-83274fc438cc": 164,
        "2ed73be8-936d-4f35-9398-75a707f40a7b": 163,
        "5f167936-79ae-4f6a-b9d2-74afe1bb096b": 163,
        "b2e98a14-c8ca-401e-99ed-edf74570c6f6": 163,
        "d8032da3-c1b9-456e-b626-41ce21f8c67b": 161,
        "5cf0392f-c187-4fc4-a463-eb269d2e8f45": 160,
        "c180a72d-5dbe-4403-b7c7-91655e505492": 160,
        "3bb30799-82ce-4648-8c02-5113228963ed": 157,
        "4a279605-eaa8-470d-bcd4-0a9e3c9ab43b": 155,
        "d6d39eea-889d-4e20-923c-55cab225cf7f": 155,
        "1c388d5e-29ac-4956-b476-cb3431353d2e": 154,
        "715f0e22-95e0-45ce-af3a-07057209976e": 154,
        "01a114de-149c-4f5f-80a1-90cc63f69c6e": 152,
        "be4c4780-218e-425a-a90f-63e21773572b": 150,
        "8cd700ae-d96f-4761-bd7a-805d6b93536d": 149,
        "3404c253-577f-45ca-b301-c98312e46efb": 148,
        "64eab5b1-8d79-45f4-94f1-02b8cf8b6202": 147,
        "8f0d70be-5cb7-464b-99cb-8b0130671895": 146,
        "b39562a4-2b72-43fe-b9ba-eda1d651ad0b": 145,
        "65defcf2-bc15-490e-a84f-1f13b769cd22": 144,
        "6c73764e-b8e6-4e55-ad37-f6a9d207da1f": 144,
        "a7d09522-bee2-41e4-8fe0-0b82b7f342f5": 144,
        "6e6809dd-01bc-45c9-aab1-f01ccd8338b0": 142,
        "714431ab-6e39-4df6-ac77-cfc5c1e25bc8": 139,
        "c2204dae-579e-4b6b-9d42-2e13ceaa6031": 137,
        "33d8d6fc-861a-45ff-9937-5ccdb55eaede": 136,
        "3bfe040b-f0c9-45e0-949b-b9ad5a591d55": 136,
        "60561e46-ece7-43a7-b142-9b14812586e4": 135,
        "d1cd1fdd-8767-46a6-a8d3-c3e0632c2dc8": 135,
        "af385423-d0f1-41f0-9482-ffd10b745143": 134,
        "529d66cc-60e3-432e-b8d1-efc9f2ec4919": 131,
        "98ec3885-ac93-4fcb-807b-59c9055c52c4": 130,
        "92086ded-a55d-4241-a364-7d7ea91531b4": 128,
        "3e82142c-78dc-46f3-82ec-28e65fcf84c9": 127,
        "4fcc1c8e-cc5e-4675-ba25-5e56b579cf69": 127,
        "94ef1985-cab1-4b39-a2f3-230120f03c16": 127,
        "50b1216b-d066-4457-b88b-9bccf97bf6d3": 126,
        "6cda96e1-7d29-44a6-956b-3fcfdecc8184": 120,
        "53989945-1a28-481d-a61c-d6f75f760ada": 114,
        "c0f80e87-16be-4488-9553-da437e8c6c2a": 104,
        "9cd8eb60-3222-4efc-bd7c-50e03e6a81a4": 100,
        "b83029b6-5dd5-449e-8056-26f3943a4e18": 82,
        "076e8177-943b-41fc-a885-ba3d28297acf": 66
      },
      "productFacets": {
        "Non-GMO": 183,
        "Dairy Free": 20,
        "Vegan": 7,
        "Organic": 1
      }
    }
  },
  "totalHits": 1000,
  "page": 4,
  "totalPages": 20,
  "hitsPerPage": 50
}
