{
  "tobaccoProducts": false,
  "products": [
    {
      "productId": "5084545-EA-000",
      "brand": "Vanish",
      "name": "Gold Stain Remover Power Gel",
      "displayName": "200ml",
      "availability": [
        "IN_STORE",
        "ONLINE"
      ],
      "saleType": "UNITS",
      "restrictedFlag": false,
      "liquorFlag": false,
      "tobaccoFlag": false,
      "originRegulated": false,
      "singlePrice": {
        "price": 1099,
        "comparativePrice": {
          "pricePerUnit": 550,
          "unitQuantity": 100,
          "unitQuantityUom": "ml",
          "measureDescription": "100ml"
        }
      },
      "categoryTrees": [
        {
          "level0": "Kitchen, Dining & Household",
          "level1": "Laundry",
          "level2": "Pre Wash Stain Removers"
        }
      ],
      "cateredFlag": false
    },
    {
      "productId": "5002850-EA-000",
      "brand": "Chux",
      "name": "Superwipes Original Extra Large Cleaning Cloths",
      "displayName": "5pk",
      "availability": [
        "IN_STORE",
        "ONLINE"
      ],
      "saleType": "UNITS",
      "restrictedFlag": false,
      "liquorFlag": false,
      "tobaccoFlag": false,
      "originRegulated": false,
      "singlePrice": {
        "price": 475,
        "comparativePrice": {
          "pricePerUnit": 95,
          "unitQuantity": 1,
          "unitQuantityUom": "ea",
          "measureDescription": "ea"
        }
      },
      "categoryTrees": [
        {
          "level0": "Kitchen, Dining & Household",
          "level1": "Cleaning Products",
          "level2": "Cleaning Accessories"
        }
      ],
      "cateredFlag": false
    },
    {
      "productId": "5260019-EA-000",
      "brand": "Pams",
      "name": "Sugarcane Side Plates",
      "displayName": "20pk",
      "availability": [
        "IN_STORE",
        "ONLINE"
      ],
      "saleType": "UNITS",
      "restrictedFlag": false,
      "liquorFlag": false,
      "tobaccoFlag": false,
      "originRegulated": false,
      "singlePrice": {
        "price": 399,
        "comparativePrice": {
          "pricePerUnit": 20,
          "unitQuantity": 1,
          "unitQuantityUom": "ea",
          "measureDescription": "ea"
        }
      },
      "facets": [
        {
          "itemCode": "00020007",
          "itemDescription": "Dairy Free"
        },
        {
          "itemCode": "00020012",
          "itemDescription": "Non-GMO"
        }
      ],
      "categoryTrees": [
        {
          "level0": "Kitchen, Dining & Household",
          "level1": "Household",
          "level2": "Disposable Tableware"
        }
      ],
      "cateredFlag": false
    },
    {
      "productId": "5125374-EA-000",
      "brand": "Effects",
      "name": "Wonder Grip UV Stabilized Pegs",
      "displayName": "24pk",
      "availability": [
        "IN_STORE",
        "ONLINE"
      ],
      "saleType": "UNITS",
      "restrictedFlag": false,
      "liquorFlag": false,
      "tobaccoFlag": false,
      "originRegulated": false,
      "singlePrice": {
        "price": 599,
        "comparativePrice": {
          "pricePerUnit": 25,
          "unitQuantity": 1,
          "unitQuantityUom": "ea",
          "measureDescription": "ea"
        }
      },
      "categoryTrees": [
        {
          "level0": "Kitchen, Dining & Household",
          "level1": "Laundry",
          "level2": "Clothes Pegs"
        }
      ],
      "cateredFlag": false
    },
    {
      "productId": "5008138-EA-000",
      "brand": "Eveready",
      "name": "Gold Alkaline AA Battery",
      "displayName": "4pk",
      "availability": [
        "IN_STORE",
        "ONLINE"
      ],
      "saleType": "UNITS",
      "restrictedFlag": false,
      "liquorFlag": false,
      "tobaccoFlag": false,
      "originRegulated": false,
      "singlePrice": {
        "price": 1049,
        "comparativePrice": {
          "pricePerUnit": 262,
          "unitQuantity": 1,
          "unitQuantityUom": "ea",
          "measureDescription": "ea"
        }
      },
      "categoryTrees": [
        {
          "level0": "Kitchen, Dining & Household",
          "level1": "Household",
          "level2": "Batteries"
        }
      ],
      "cateredFlag": false
    },
    {
      "productId": "5113580-EA-000",
      "brand": "Surv",
      "name": "Foil Turkey Pan",
      "displayName": "1pk",
      "availability": [
        "IN_STORE",
        "ONLINE"
      ],
      "saleType": "UNITS",
      "restrictedFlag": false,
      "liquorFlag": false,
      "tobaccoFlag": false,
      "originRegulated": false,
      "singlePrice": {
        "price": 399
      },
      "categoryTrees": [
        {
          "level0": "Kitchen, Dining & Household",
          "level1": "Household",
          "level2": "Cooking & Bakeware"
        }
      ],
      "cateredFlag": false
    },
    {
      "productId": "5010667-EA-000",
      "brand": "Glade",
      "name": "Sheer Vanilla Embrace Air Freshener",
      "displayName": "200g",
      "availability": [
        "IN_STORE",
        "ONLINE"
      ],
      "saleType": "UNITS",
      "restrictedFlag": false,
      "liquorFlag": false,
      "tobaccoFlag": false,
      "originRegulated": false,
      "singlePrice": {
        "price": 329,
        "promoId": "128974043",
        "comparativePrice": {
          "pricePerUnit": 165,
          "unitQuantity": 100,
          "unitQuantityUom": "g",
          "measureDescription": "100g"
        }
      },
      "promotions": [
        {
          "promoId": "128974043",
          "rewardValue": 329,
          "decal": "7000",
          "sapType": "BASE",
          "rewardType": "NEW_PRICE",
          "threshold": 1,
          "limit": 0,
          "multiProducts": false,
          "cardDependencyFlag": false,
          "bestPromotion": true,
          "comparativePrice": {
            "pricePerUnit": 165,
            "unitQuantity": 100,
            "unitQuantityUom": "g",
            "measureDescription": "100g"
          }
        }
      ],
      "facets": [
        {
          "itemCode": "00020012",
          "itemDescription": "Non-GMO"
        }
      ],
      "categoryTrees": [
        {
          "level0": "Kitchen, Dining & Household",
          "level1": "Household",
          "level2": "Air Fresheners & Deodorisers"
        }
      ],
      "cateredFlag": false
    },
    {
      "productId": "5269236-EA-000",
      "brand": "Sistema",
      "name": "Klip It+ Square Container 1.15L",
      "displayName": "1pk",
      "availability": [
        "IN_STORE",
        "ONLINE"
      ],
      "saleType": "UNITS",
      "restrictedFlag": false,
      "liquorFlag": false,
      "tobaccoFlag": false,
      "originRegulated": false,
      "singlePrice": {
        "price": 639
      },
      "categoryTrees": [
        {
          "level0": "Kitchen, Dining & Household",
          "level1": "Household",
          "level2": "Food Storage"
        }
      ],
      "cateredFlag": false
    },
    {
      "productId": "5002808-EA-000",
      "brand": "National Candle",
      "name": "Table Candles",
      "displayName": "6ea",
      "availability": [
        "IN_STORE",
        "ONLINE"
      ],
      "saleType": "UNITS",
      "restrictedFlag": false,
      "liquorFlag": false,
      "tobaccoFlag": false,
      "originRegulated": false,
      "singlePrice": {
        "price": 849
      },
      "categoryTrees": [
        {
          "level0": "Kitchen, Dining & Household",
          "level1": "Household",
          "level2": "Homeware"
        }
      ],
      "cateredFlag": false
    },
    {
      "productId": "5002010-EA-000",
      "brand": "Raven",
      "name": "Mop-A-Matic Multi Fit Sponge Refill",
      "displayName": "ea",
      "availability": [
        "IN_STORE",
        "ONLINE"
      ],
      "saleType": "UNITS",
      "restrictedFlag": false,
      "liquorFlag": false,
      "tobaccoFlag": false,
      "originRegulated": false,
      "singlePrice": {
        "price": 469
      },
      "categoryTrees": [
        {
          "level0": "Kitchen, Dining & Household",
          "level1": "Cleaning Products",
          "level2": "Cleaning Accessories"
        }
      ],
      "cateredFlag": false
    },
    {
      "productId": "5002272-EA-000",
      "brand": "Chux",
      "name": "Magic Eraser Spot Cleaner",
      "displayName": "8pk",
      "availability": [
        "IN_STORE",
        "ONLINE"
      ],
      "saleType": "UNITS",
      "restrictedFlag": false,
      "liquorFlag": false,
      "tobaccoFlag": false,
      "originRegulated": false,
      "singlePrice": {
        "price": 289,
        "promoId": "128929646",
        "comparativePrice": {
          "pricePerUnit": 36,
          "unitQuantity": 1,
          "unitQuantityUom": "ea",
          "measureDescription": "ea"
        }
      },
      "promotions": [
        {
          "promoId": "128929646",
          "rewardValue": 289,
          "decal": "6000",
          "sapType": "BASE",
          "rewardType": "NEW_PRICE",
          "threshold": 1,
          "limit": 0,
          "multiProducts": false,
          "cardDependencyFlag": false,
          "bestPromotion": true,
          "comparativePrice": {
            "pricePerUnit": 36,
            "unitQuantity": 1,
            "unitQuantityUom": "ea",
            "measureDescription": "ea"
          }
        }
      ],
      "categoryTrees": [
        {
          "level0": "Kitchen, Dining & Household",
          "level1": "Cleaning Products",
          "level2": "Cleaning Accessories"
        }
      ],
      "cateredFlag": false
    },
    {
      "productId": "5086472-EA-000",
      "brand": "Persil",
      "name": "Active Clean Laundry Powder",
      "displayName": "4kg",
      "availability": [
        "IN_STORE",
        "ONLINE"
      ],
      "saleType": "UNITS",
      "restrictedFlag": false,
      "liquorFlag": false,
      "tobaccoFlag": false,
      "originRegulated": false,
      "singlePrice": {
        "price": 2299,
        "promoId": "128929770",
        "comparativePrice": {
          "pricePerUnit": 57,
          "unitQuantity": 100,
          "unitQuantityUom": "g",
          "measureDescription": "100g"
        }
      },
      "promotions": [
        {
          "promoId": "128929770",
          "rewardValue": 2299,
          "decal": "6000",
          "sapType": "BASE",
          "rewardType": "NEW_PRICE",
          "threshold": 1,
          "limit": 0,
          "multiProducts": false,
          "cardDependencyFlag": false,
          "bestPromotion": true,
          "comparativePrice": {
            "pricePerUnit": 57,
            "unitQuantity": 100,
            "unitQuantityUom": "g",
            "measureDescription": "100g"
          }
        }
      ],
      "facets": [
        {
          "itemCode": "00020012",
          "itemDescription": "Non-GMO"
        }
      ],
      "categoryTrees": [
        {
          "level0": "Kitchen, Dining & Household",
          "level1": "Laundry",
          "level2": "Laundry Powders"
        }
      ],
      "cateredFlag": false
    },
    {
      "productId": "5031255-EA-000",
      "brand": "Mortein",
      "name": "Indoor & Outdoor Lavender Multi Insect Automatic Spray",
      "displayName": "2pk",
      "availability": [
        "IN_STORE",
        "ONLINE"
      ],
      "saleType": "UNITS",
      "restrictedFlag": false,
      "liquorFlag": false,
      "tobaccoFlag": false,
      "originRegulated": false,
      "singlePrice": {
        "price": 2169,
        "promoId": "128995679",
        "comparativePrice": {
          "pricePerUnit": 704,
          "unitQuantity": 100,
          "unitQuantityUom": "g",
          "measureDescription": "100g"
        }
      },
      "promotions": [
        {
          "promoId": "128995679",
          "rewardValue": 2169,
          "decal": "6000",
          "sapType": "BASE",
          "rewardType": "NEW_PRICE",
          "threshold": 1,
          "limit": 0,
          "multiProducts": false,
          "cardDependencyFlag": false,
          "bestPromotion": true,
          "comparativePrice": {
            "pricePerUnit": 704,
            "unitQuantity": 100,
            "unitQuantityUom": "g",
            "measureDescription": "100g"
          }
        }
      ],
      "categoryTrees": [
        {
          "level0": "Kitchen, Dining & Household",
          "level1": "Household",
          "level2": "Pest & Insect Control"
        }
      ],
      "cateredFlag": false
    },
    {
      "productId": "5275231-EA-000",
      "brand": "Mr Muscle",
      "name": "Green Apple Kitchen Cleaner",
      "displayName": "500ml",
      "availability": [
        "IN_STORE",
        "ONLINE"
      ],
      "saleType": "UNITS",
      "restrictedFlag": false,
      "liquorFlag": false,
      "tobaccoFlag": false,
      "originRegulated": false,
      "singlePrice": {
        "price": 399,
        "promoId": "128974063",
        "comparativePrice": {
          "pricePerUnit": 80,
          "unitQuantity": 100,
          "unitQuantityUom": "ml",
          "measureDescription": "100ml"
        }
      },
      "promotions": [
        {
          "promoId": "128974063",
          "rewardValue": 399,
          "decal": "7000",
          "sapType": "BASE",
          "rewardType": "NEW_PRICE",
          "threshold": 1,
          "limit": 0,
          "multiProducts": false,
          "cardDependencyFlag": false,
          "bestPromotion": true,
          "comparativePrice": {
            "pricePerUnit": 80,
            "unitQuantity": 100,
            "unitQuantityUom": "ml",
            "measureDescription": "100ml"
          }
        }
      ],
      "categoryTrees": [
        {
          "level0": "Kitchen, Dining & Household",
          "level1": "Cleaning Products",
          "level2": "All Purpose Cleaners"
        }
      ],
      "cateredFlag": false
    },
    {
      "productId": "5010125-EA-000",
      "brand": "Pledge",
      "name": "Lemon Enhancing Polish",
      "displayName": "330ml",
      "availability": [
        "IN_STORE",
        "ONLINE"
      ],
      "saleType": "UNITS",
      "restrictedFlag": false,
      "liquorFlag": false,
      "tobaccoFlag": false,
      "originRegulated": false,
      "singlePrice": {
        "price": 699,
        "comparativePrice": {
          "pricePerUnit": 212,
          "unitQuantity": 100,
          "unitQuantityUom": "ml",
          "measureDescription": "100ml"
        }
      },
      "facets": [
        {
          "itemCode": "00020012",
          "itemDescription": "Non-GMO"
        }
      ],
      "categoryTrees": [
        {
          "level0": "Kitchen, Dining & Household",
          "level1": "Cleaning Products",
          "level2": "Furniture & Metal Polishes"
        }
      ],
      "cateredFlag": false
    },
    {
      "productId": "5250896-EA-000",
      "brand": "Air Wick",
      "name": "Essential Oils Vanilla & Soft Cashmere Freshmatic Refill",
      "displayName": "174g",
      "availability": [
        "IN_STORE",
        "ONLINE"
      ],
      "saleType": "UNITS",
      "restrictedFlag": false,
      "liquorFlag": false,
      "tobaccoFlag": false,
      "originRegulated": false,
      "singlePrice": {
        "price": 899,
        "promoId": "128929722",
        "comparativePrice": {
          "pricePerUnit": 517,
          "unitQuantity": 100,
          "unitQuantityUom": "g",
          "measureDescription": "100g"
        }
      },
      "promotions": [
        {
          "promoId": "128929722",
          "rewardValue": 899,
          "decal": "6000",
          "sapType": "BASE",
          "rewardType": "NEW_PRICE",
          "threshold": 1,
          "limit": 0,
          "multiProducts": false,
          "cardDependencyFlag": false,
          "bestPromotion": true,
          "comparativePrice": {
            "pricePerUnit": 517,
            "unitQuantity": 100,
            "unitQuantityUom": "g",
            "measureDescription": "100g"
          }
        }
      ],
      "categoryTrees": [
        {
          "level0": "Kitchen, Dining & Household",
          "level1": "Household",
          "level2": "Air Fresheners & Deodorisers"
        }
      ],
      "cateredFlag": false
    },
    {
      "productId": "5001171-EA-000",
      "brand": "Chemico",
      "name": "Paste Cleaner",
      "displayName": "400g",
      "availability": [
        "IN_STORE",
        "ONLINE"
      ],
      "saleType": "UNITS",
      "restrictedFlag": false,
      "liquorFlag": false,
      "tobaccoFlag": false,
      "originRegulated": false,
      "singlePrice": {
        "price": 549,
        "comparativePrice": {
          "pricePerUnit": 137,
          "unitQuantity": 100,
          "unitQuantityUom": "g",
          "measureDescription": "100g"
        }
      },
      "categoryTrees": [
        {
          "level0": "Kitchen, Dining & Household",
          "level1": "Cleaning Products",
          "level2": "All Purpose Cleaners"
        }
      ],
      "cateredFlag": false
    },
    {
      "productId": "5212230-EA-000",
      "brand": "Homeliving",
      "name": "Stainless Steel Scourers",
      "displayName": "2ea",
      "availability": [
        "IN_STORE",
        "ONLINE"
      ],
      "saleType": "UNITS",
      "restrictedFlag": false,
      "liquorFlag": false,
      "tobaccoFlag": false,
      "originRegulated": false,
      "singlePrice": {
        "price": 299,
        "comparativePrice": {
          "pricePerUnit": 150,
          "unitQuantity": 1,
          "unitQuantityUom": "ea",
          "measureDescription": "ea"
        }
      },
      "categoryTrees": [
        {
          "level0": "Kitchen, Dining & Household",
          "level1": "Cleaning Products",
          "level2": "Cleaning Accessories"
        }
      ],
      "cateredFlag": false
    },
    {
      "productId": "5239680-EA-000",
      "brand": "Mr Muscle",
      "name": "Lemon Citrus Kitchen Cleaner",
      "displayName": "500ml",
      "availability": [
        "IN_STORE",
        "ONLINE"
      ],
      "saleType": "UNITS",
      "restrictedFlag": false,
      "liquorFlag": false,
      "tobaccoFlag": false,
      "originRegulated": false,
      "singlePrice": {
        "price": 399,
        "promoId": "128974063",
        "comparativePrice": {
          "pricePerUnit": 80,
          "unitQuantity": 100,
          "unitQuantityUom": "ml",
          "measureDescription": "100ml"
        }
      },
      "promotions": [
        {
          "promoId": "128974063",
          "rewardValue": 399,
          "decal": "7000",
          "sapType": "BASE",
          "rewardType": "NEW_PRICE",
          "threshold": 1,
          "limit": 0,
          "multiProducts": false,
          "cardDependencyFlag": false,
          "bestPromotion": true,
          "comparativePrice": {
            "pricePerUnit": 80,
            "unitQuantity": 100,
            "unitQuantityUom": "ml",
            "measureDescription": "100ml"
          }
        }
      ],
      "categoryTrees": [
        {
          "level0": "Kitchen, Dining & Household",
          "level1": "Cleaning Products",
          "level2": "Kitchen Cleaners"
        }
      ],
      "cateredFlag": false
    },
    {
      "productId": "5213688-EA-000",
      "brand": "Sistema TO GO",
      "name": "Bento Lunch Container",
      "displayName": "1.65l",
      "availability": [
        "IN_STORE",
        "ONLINE"
      ],
      "saleType": "UNITS",
      "restrictedFlag": false,
      "liquorFlag": false,
      "tobaccoFlag": false,
      "originRegulated": false,
      "singlePrice": {
        "price": 1549
      },
      "categoryTrees": [
        {
          "level0": "Kitchen, Dining & Household",
          "level1": "Household",
          "level2": "Food Storage"
        }
      ],
      "cateredFlag": false
    },
    {
      "productId": "5218262-EA-000",
      "brand": "Glade",
      "name": "Sense & Spray Sheer Vanilla Embrace Automatic Freshener Refill",
      "displayName": "12g",
      "availability": [
        "IN_STORE",
        "ONLINE"
      ],
      "saleType": "UNITS",
      "restrictedFlag": false,
      "liquorFlag": false,
      "tobaccoFlag": false,
      "originRegulated": false,
      "singlePrice": {
        "price": 909,
        "comparativePrice": {
          "pricePerUnit": 7575,
          "unitQuantity": 100,
          "unitQuantityUom": "g",
          "measureDescription": "100g"
        }
      },
      "categoryTrees": [
        {
          "level0": "Kitchen, Dining & Household",
          "level1": "Household",
          "level2": "Air Fresheners & Deodorisers"
        }
      ],
      "cateredFlag": false
    },
    {
      "productId": "5241333-EA-000",
      "brand": "Raid",
      "name": "Max Double Nozzle Multi Insect Killer",
      "displayName": "300g",
      "availability": [
        "IN_STORE",
        "ONLINE"
      ],
      "saleType": "UNITS",
      "restrictedFlag": false,
      "liquorFlag": false,
      "tobaccoFlag": false,
      "originRegulated": false,
      "singlePrice": {
        "price": 699,
        "promoId": "128999177",
        "comparativePrice": {
          "pricePerUnit": 233,
          "unitQuantity": 100,
          "unitQuantityUom": "g",
          "measureDescription": "100g"
        }
      },
      "promotions": [
        {
          "promoId": "128999177",
          "rewardValue": 699,
          "decal": "6000",
          "sapType": "BASE",
          "rewardType": "NEW_PRICE",
          "threshold": 1,
          "limit": 0,
          "multiProducts": false,
          "cardDependencyFlag": false,
          "bestPromotion": true,
          "comparativePrice": {
            "pricePerUnit": 233,
            "unitQuantity": 100,
            "unitQuantityUom": "g",
            "measureDescription": "100g"
          }
        }
      ],
      "categoryTrees": [
        {
          "level0": "Kitchen, Dining & Household",
          "level1": "Household",
          "level2": "Pest & Insect Control"
        }
      ],
      "cateredFlag": false
    },
    {
      "productId": "5005712-EA-000",
      "brand": "Energizer",
      "name": "Max 9V Battery",
      "displayName": "1pk",
      "availability": [
        "IN_STORE",
        "ONLINE"
      ],
      "saleType": "UNITS",
      "restrictedFlag": false,
      "liquorFlag": false,
      "tobaccoFlag": false,
      "originRegulated": false,
      "singlePrice": {
        "price": 899,
        "promoId": "129022046"
      },
      "promotions": [
        {
          "promoId": "129022046",
          "rewardValue": 899,
          "decal": "7000",
          "sapType": "BASE",
          "rewardType": "NEW_PRICE",
          "threshold": 1,
          "limit": 0,
          "multiProducts": false,
          "cardDependencyFlag": false,
          "bestPromotion": true
        }
      ],
      "categoryTrees": [
        {
          "level0": "Kitchen, Dining & Household",
          "level1": "Household",
          "level2": "Batteries"
        }
      ],
      "cateredFlag": false
    },
    {
      "productId": "5250893-EA-000",
      "brand": "Air Wick",
      "name": "Essential Oils Frangipani Freshmatic Refill",
      "displayName": "174g",
      "availability": [
        "IN_STORE",
        "ONLINE"
      ],
      "saleType": "UNITS",
      "restrictedFlag": false,
      "liquorFlag": false,
      "tobaccoFlag": false,
      "originRegulated": false,
      "singlePrice": {
        "price": 899,
        "promoId": "128929722",
        "comparativePrice": {
          "pricePerUnit": 517,
          "unitQuantity": 100,
          "unitQuantityUom": "g",
          "measureDescription": "100g"
        }
      },
      "promotions": [
        {
          "promoId": "128929722",
          "rewardValue": 899,
          "decal": "6000",
          "sapType": "BASE",
          "rewardType": "NEW_PRICE",
          "threshold": 1,
          "limit": 0,
          "multiProducts": false,
          "cardDependencyFlag": false,
          "bestPromotion": true,
          "comparativePrice": {
            "pricePerUnit": 517,
            "unitQuantity": 100,
            "unitQuantityUom": "g",
            "measureDescription": "100g"
          }
        }
      ],
      "categoryTrees": [
        {
          "level0": "Kitchen, Dining & Household",
          "level1": "Household",
          "level2": "Air Fresheners & Deodorisers"
        }
      ],
      "cateredFlag": false
    },
    {
      "productId": "5017075-EA-000",
      "brand": "Pams",
      "name": "Kitchen Skewers Bamboo 20cm",
      "displayName": "175pk",
      "availability": [
        "IN_STORE",
        "ONLINE"
      ],
      "saleType": "UNITS",
      "restrictedFlag": false,
      "liquorFlag": false,
      "tobaccoFlag": false,
      "originRegulated": false,
      "singlePrice": {
        "price": 299
      },
      "categoryTrees": [
        {
          "level0": "Kitchen, Dining & Household",
          "level1": "Household",
          "level2": "Disposable Tableware"
        }
      ],
      "cateredFlag": false
    },
    {
      "productId": "5012888-EA-000",
      "brand": "Ajax",
      "name": "Professional Bathroom Cleaner",
      "displayName": "500ml",
      "availability": [
        "IN_STORE",
        "ONLINE"
      ],
      "saleType": "UNITS",
      "restrictedFlag": false,
      "liquorFlag": false,
      "tobaccoFlag": false,
      "originRegulated": false,
      "singlePrice": {
        "price": 619,
        "comparativePrice": {
          "pricePerUnit": 124,
          "unitQuantity": 100,
          "unitQuantityUom": "ml",
          "measureDescription": "100ml"
        }
      },
      "categoryTrees": [
        {
          "level0": "Kitchen, Dining & Household",
          "level1": "Cleaning Products",
          "level2": "Bathroom & Shower Cleaners"
        }
      ],
      "cateredFlag": false
    },
    {
      "productId": "5256679-EA-000",
      "brand": "Pams",
      "name": "Peelers",
      "displayName": "4pk",
      "availability": [
        "IN_STORE",
        "ONLINE"
      ],
      "saleType": "UNITS",
      "restrictedFlag": false,
      "liquorFlag": false,
      "tobaccoFlag": false,
      "originRegulated": false,
      "singlePrice": {
        "price": 589
      },
      "categoryTrees": [
        {
          "level0": "Kitchen, Dining & Household",
          "level1": "Household",
          "level2": "Kitchenware"
        }
      ],
      "cateredFlag": false
    },
    {
      "productId": "5044380-EA-000",
      "brand": "Energizer",
      "name": "Max AA Battery",
      "displayName": "20pk",
      "availability": [
        "IN_STORE",
        "ONLINE"
      ],
      "saleType": "UNITS",
      "restrictedFlag": false,
      "liquorFlag": false,
      "tobaccoFlag": false,
      "originRegulated": false,
      "singlePrice": {
        "price": 2959,
        "comparativePrice": {
          "pricePerUnit": 148,
          "unitQuantity": 1,
          "unitQuantityUom": "ea",
          "measureDescription": "ea"
        }
      },
      "categoryTrees": [
        {
          "level0": "Kitchen, Dining & Household",
          "level1": "Household",
          "level2": "Batteries"
        }
      ],
      "cateredFlag": false
    },
    {
      "productId": "5237494-EA-000",
      "brand": "Harpic",
      "name": "Turquoise Power Tropical Lagoon Toilet Block Cleaner",
      "displayName": "1pk",
      "availability": [
        "IN_STORE",
        "ONLINE"
      ],
      "saleType": "UNITS",
      "restrictedFlag": false,
      "liquorFlag": false,
      "tobaccoFlag": false,
      "originRegulated": false,
      "singlePrice": {
        "price": 469
      },
      "categoryTrees": [
        {
          "level0": "Kitchen, Dining & Household",
          "level1": "Cleaning Products",
          "level2": "Bathroom & Shower Cleaners"
        }
      ],
      "cateredFlag": false
    },
    {
      "productId": "5270928-EA-000",
      "brand": "Eveready",
      "name": "Super Heavy Duty AAA Battery",
      "displayName": "10pk",
      "availability": [
        "IN_STORE",
        "ONLINE"
      ],
      "saleType": "UNITS",
      "restrictedFlag": false,
      "liquorFlag": false,
      "tobaccoFlag": false,
      "originRegulated": false,
      "singlePrice": {
        "price": 1379,
        "comparativePrice": {
          "pricePerUnit": 138,
          "unitQuantity": 1,
          "unitQuantityUom": "ea",
          "measureDescription": "ea"
        }
      },
      "categoryTrees": [
        {
          "level0": "Kitchen, Dining & Household",
          "level1": "Household",
          "level2": "Batteries"
        }
      ],
      "cateredFlag": false
    },
    {
      "productId": "5105167-EA-000",
      "brand": "Surv",
      "name": "Foil Takeaway Dishes & Lids Small",
      "displayName": "6pk",
      "availability": [
        "IN_STORE",
        "ONLINE"
      ],
      "saleType": "UNITS",
      "restrictedFlag": false,
      "liquorFlag": false,
      "tobaccoFlag": false,
      "originRegulated": false,
      "singlePrice": {
        "price": 419,
        "comparativePrice": {
          "pricePerUnit": 70,
          "unitQuantity": 1,
          "unitQuantityUom": "ea",
          "measureDescription": "ea"
        }
      },
      "categoryTrees": [
        {
          "level0": "Kitchen, Dining & Household",
          "level1": "Household",
          "level2": "Kitchenware"
        }
      ],
      "cateredFlag": false
    },
    {
      "productId": "5242593-EA-000",
      "brand": "Best",
      "name": "Soap Up Thick Sponges",
      "displayName": "3pk",
      "availability": [
        "IN_STORE",
        "ONLINE"
      ],
      "saleType": "UNITS",
      "restrictedFlag": false,
      "liquorFlag": false,
      "tobaccoFlag": false,
      "originRegulated": false,
      "singlePrice": {
        "price": 449,
        "comparativePrice": {
          "pricePerUnit": 150,
          "unitQuantity": 1,
          "unitQuantityUom": "ea",
          "measureDescription": "ea"
        }
      },
      "categoryTrees": [
        {
          "level0": "Kitchen, Dining & Household",
          "level1": "Cleaning Products",
          "level2": "Cleaning Accessories"
        }
      ],
      "cateredFlag": false
    },
    {
      "productId": "5256689-EA-000",
      "brand": "Pams",
      "name": "Bamboo Skewers 15cm",
      "displayName": "200ea",
      "availability": [
        "IN_STORE",
        "ONLINE"
      ],
      "saleType": "UNITS",
      "restrictedFlag": false,
      "liquorFlag": false,
      "tobaccoFlag": false,
      "originRegulated": false,
      "singlePrice": {
        "price": 299
      },
      "categoryTrees": [
        {
          "level0": "Kitchen, Dining & Household",
          "level1": "Household",
          "level2": "Kitchenware"
        }
      ],
      "cateredFlag": false
    },
    {
      "productId": "5002152-EA-000",
      "brand": "Eveready",
      "name": "Gold Alkaline AAA Battery",
      "displayName": "4pk",
      "availability": [
        "IN_STORE",
        "ONLINE"
      ],
      "saleType": "UNITS",
      "restrictedFlag": false,
      "liquorFlag": false,
      "tobaccoFlag": false,
      "originRegulated": false,
      "singlePrice": {
        "price": 1049,
        "comparativePrice": {
          "pricePerUnit": 262,
          "unitQuantity": 1,
          "unitQuantityUom": "ea",
          "measureDescription": "ea"
        }
      },
      "categoryTrees": [
        {
          "level0": "Kitchen, Dining & Household",
          "level1": "Household",
          "level2": "Batteries"
        }
      ],
      "cateredFlag": false
    },
    {
      "productId": "5011586-EA-000",
      "brand": "Ecostore",
      "name": "Antibacterial Fresh Citrus Multi-Purpose Cleaner",
      "displayName": "500ml",
      "availability": [
        "IN_STORE",
        "ONLINE"
      ],
      "saleType": "UNITS",
      "restrictedFlag": false,
      "liquorFlag": false,
      "tobaccoFlag": false,
      "originRegulated": false,
      "singlePrice": {
        "price": 499,
        "promoId": "128977775",
        "comparativePrice": {
          "pricePerUnit": 100,
          "unitQuantity": 100,
          "unitQuantityUom": "ml",
          "measureDescription": "100ml"
        }
      },
      "promotions": [
        {
          "promoId": "128977775",
          "rewardValue": 499,
          "decal": "6000",
          "sapType": "BASE",
          "rewardType": "NEW_PRICE",
          "threshold": 1,
          "limit": 0,
          "multiProducts": false,
          "cardDependencyFlag": false,
          "bestPromotion": true,
          "comparativePrice": {
            "pricePerUnit": 100,
            "unitQuantity": 100,
            "unitQuantityUom": "ml",
            "measureDescription": "100ml"
          }
        }
      ],
      "facets": [
        {
          "itemCode": "00020013",
          "itemDescription": "Vegan"
        }
      ],
      "categoryTrees": [
        {
          "level0": "Kitchen, Dining & Household",
          "level1": "Cleaning Products",
          "level2": "All Purpose Cleaners"
        }
      ],
      "cateredFlag": false
    },
    {
      "productId": "5262432-EA-000",
      "brand": "Mortein",
      "name": "Powergard The Experts Flying Insect Killer",
      "displayName": "300g",
      "availability": [
        "IN_STORE",
        "ONLINE"
      ],
      "saleType": "UNITS",
      "restrictedFlag": false,
      "liquorFlag": false,
      "tobaccoFlag": false,
      "originRegulated": false,
      "singlePrice": {
        "price": 799,
        "comparativePrice": {
          "pricePerUnit": 266,
          "unitQuantity": 100,
          "unitQuantityUom": "g",
          "measureDescription": "100g"
        }
      },
      "categoryTrees": [
        {
          "level0": "Kitchen, Dining & Household",
          "level1": "Household",
          "level2": "Pest & Insect Control"
        }
      ],
      "cateredFlag": false
    },
    {
      "productId": "5007470-EA-000",
      "brand": "Mortein",
      "name": "Kill & Protect Crawling Insect Control Bomb",
      "displayName": "3 x 125g",
      "availability": [
        "IN_STORE",
        "ONLINE"
      ],
      "saleType": "UNITS",
      "restrictedFlag": false,
      "liquorFlag": false,
      "tobaccoFlag": false,
      "originRegulated": false,
      "singlePrice": {
        "price": 1590,
        "promoId": "128995665",
        "comparativePrice": {
          "pricePerUnit": 424,
          "unitQuantity": 100,
          "unitQuantityUom": "g",
          "measureDescription": "100g"
        }
      },
      "promotions": [
        {
          "promoId": "128995665",
          "rewardValue": 1590,
          "decal": "6000",
          "sapType": "BASE",
          "rewardType": "NEW_PRICE",
          "threshold": 1,
          "limit": 0,
          "multiProducts": false,
          "cardDependencyFlag": false,
          "bestPromotion": true,
          "comparativePrice": {
            "pricePerUnit": 424,
            "unitQuantity": 100,
            "unitQuantityUom": "g",
            "measureDescription": "100g"
          }
        }
      ],
      "facets": [
        {
          "itemCode": "00020001",
          "itemDescription": "Organic"
        }
      ],
      "categoryTrees": [
        {
          "level0": "Kitchen, Dining & Household",
          "level1": "Household",
          "level2": "Pest & Insect Control"
        }
      ],
      "cateredFlag": false
    },
    {
      "productId": "5223478-EA-000",
      "brand": "Value",
      "name": "Round Toilet Tidy Set",
      "displayName": "ea",
      "availability": [
        "IN_STORE",
        "ONLINE"
      ],
      "saleType": "UNITS",
      "restrictedFlag": false,
      "liquorFlag": false,
      "tobaccoFlag": false,
      "originRegulated": false,
      "singlePrice": {
        "price": 839
      },
      "facets": [
        {
          "itemCode": "00020012",
          "itemDescription": "Non-GMO"
        }
      ],
      "categoryTrees": [
        {
          "level0": "Kitchen, Dining & Household",
          "level1": "Cleaning Products",
          "level2": "Cleaning Accessories"
        }
      ],
      "cateredFlag": false
    },
    {
      "productId": "5022264-EA-000",
      "brand": "Mr Sheen",
      "name": "Original Multi Surface Polish",
      "displayName": "250g",
      "availability": [
        "IN_STORE",
        "ONLINE"
      ],
      "saleType": "UNITS",
      "restrictedFlag": false,
      "liquorFlag": false,
      "tobaccoFlag": false,
      "originRegulated": false,
      "singlePrice": {
        "price": 499,
        "promoId": "128929712",
        "comparativePrice": {
          "pricePerUnit": 200,
          "unitQuantity": 100,
          "unitQuantityUom": "g",
          "measureDescription": "100g"
        }
      },
      "promotions": [
        {
          "promoId": "128929712",
          "rewardValue": 499,
          "decal": "6000",
          "sapType": "BASE",
          "rewardType": "NEW_PRICE",
          "threshold": 1,
          "limit": 0,
          "multiProducts": false,
          "cardDependencyFlag": false,
          "bestPromotion": true,
          "comparativePrice": {
            "pricePerUnit": 200,
            "unitQuantity": 100,
            "unitQuantityUom": "g",
            "measureDescription": "100g"
          }
        }
      ],
      "categoryTrees": [
        {
          "level0": "Kitchen, Dining & Household",
          "level1": "Cleaning Products",
          "level2": "Furniture & Metal Polishes"
        }
      ],
      "cateredFlag": false
    },
    {
      "productId": "5017580-EA-000",
      "brand": "Eveready",
      "name": "Super Heavy Duty 9V Battery",
      "displayName": "2pk",
      "availability": [
        "IN_STORE",
        "ONLINE"
      ],
      "saleType": "UNITS",
      "restrictedFlag": false,
      "liquorFlag": false,
      "tobaccoFlag": false,
      "originRegulated": false,
      "singlePrice": {
        "price": 809,
        "comparativePrice": {
          "pricePerUnit": 405,
          "unitQuantity": 1,
          "unitQuantityUom": "ea",
          "measureDescription": "ea"
        }
      },
      "categoryTrees": [
        {
          "level0": "Kitchen, Dining & Household",
          "level1": "Household",
          "level2": "Batteries"
        }
      ],
      "cateredFlag": false
    },
    {
      "productId": "5260541-EA-000",
      "brand": "Mortein",
      "name": "Powergard The Experts Multi Insect Killer",
      "displayName": "300g",
      "availability": [
        "IN_STORE",
        "ONLINE"
      ],
      "saleType": "UNITS",
      "restrictedFlag": false,
      "liquorFlag": false,
      "tobaccoFlag": false,
      "originRegulated": false,
      "singlePrice": {
        "price": 699,
        "promoId": "128995680",
        "comparativePrice": {
          "pricePerUnit": 233,
          "unitQuantity": 100,
          "unitQuantityUom": "g",
          "measureDescription": "100g"
        }
      },
      "promotions": [
        {
          "promoId": "128995680",
          "rewardValue": 699,
          "decal": "6000",
          "sapType": "BASE",
          "rewardType": "NEW_PRICE",
          "threshold": 1,
          "limit": 0,
          "multiProducts": false,
          "cardDependencyFlag": false,
          "bestPromotion": true,
          "comparativePrice": {
            "pricePerUnit": 233,
            "unitQuantity": 100,
            "unitQuantityUom": "g",
            "measureDescription": "100g"
          }
        }
      ],
      "categoryTrees": [
        {
          "level0": "Kitchen, Dining & Household",
          "level1": "Household",
          "level2": "Pest & Insect Control"
        }
      ],
      "cateredFlag": false
    },
    {
      "productId": "5105678-EA-000",
      "brand": "Dettol Glen 20",
      "name": "Country Disinfectant Spray",
      "displayName": "300g",
      "availability": [
        "IN_STORE",
        "ONLINE"
      ],
      "saleType": "UNITS",
      "restrictedFlag": false,
      "liquorFlag": false,
      "tobaccoFlag": false,
      "originRegulated": false,
      "singlePrice": {
        "price": 749,
        "comparativePrice": {
          "pricePerUnit": 250,
          "unitQuantity": 100,
          "unitQuantityUom": "g",
          "measureDescription": "100g"
        }
      },
      "categoryTrees": [
        {
          "level0": "Kitchen, Dining & Household",
          "level1": "Cleaning Products",
          "level2": "All Purpose Cleaners"
        }
      ],
      "cateredFlag": false
    },
    {
      "productId": "5025015-EA-000",
      "brand": "Air Wick",
      "name": "Essential Oils Midnight Blackberry & Vanilla Silk Reed Diffuser",
      "displayName": "50ml",
      "availability": [
        "IN_STORE",
        "ONLINE"
      ],
      "saleType": "UNITS",
      "restrictedFlag": false,
      "liquorFlag": false,
      "tobaccoFlag": false,
      "originRegulated": false,
      "singlePrice": {
        "price": 999,
        "promoId": "128929729",
        "comparativePrice": {
          "pricePerUnit": 1998,
          "unitQuantity": 100,
          "unitQuantityUom": "ml",
          "measureDescription": "100ml"
        }
      },
      "promotions": [
        {
          "promoId": "128929729",
          "rewardValue": 999,
          "decal": "6000",
          "sapType": "BASE",
          "rewardType": "NEW_PRICE",
          "threshold": 1,
          "limit": 0,
          "multiProducts": false,
          "cardDependencyFlag": false,
          "bestPromotion": true,
          "comparativePrice": {
            "pricePerUnit": 1998,
            "unitQuantity": 100,
            "unitQuantityUom": "ml",
            "measureDescription": "100ml"
          }
        }
      ],
      "categoryTrees": [
        {
          "level0": "Kitchen, Dining & Household",
          "level1": "Household",
          "level2": "Air Fresheners & Deodorisers"
        }
      ],
      "cateredFlag": false
    },
    {
      "productId": "5025455-EA-000",
      "brand": "Ceraclen",
      "name": "Glass Cooktop Cleaner",
      "displayName": "220ml",
      "availability": [
        "IN_STORE",
        "ONLINE"
      ],
      "saleType": "UNITS",
      "restrictedFlag": false,
      "liquorFlag": false,
      "tobaccoFlag": false,
      "originRegulated": false,
      "singlePrice": {
        "price": 679,
        "comparativePrice": {
          "pricePerUnit": 309,
          "unitQuantity": 100,
          "unitQuantityUom": "ml",
          "measureDescription": "100ml"
        }
      },
      "categoryTrees": [
        {
          "level0": "Kitchen, Dining & Household",
          "level1": "Cleaning Products",
          "level2": "Kitchen Cleaners"
        }
      ],
      "cateredFlag": false
    },
    {
      "productId": "5269241-EA-000",
      "brand": "Sistema",
      "name": "Klip It+ Rectangle Container 3.35L",
      "displayName": "1pk",
      "availability": [
        "IN_STORE",
        "ONLINE"
      ],
      "saleType": "UNITS",
      "restrictedFlag": false,
      "liquorFlag": false,
      "tobaccoFlag": false,
      "originRegulated": false,
      "singlePrice": {
        "price": 959
      },
      "categoryTrees": [
        {
          "level0": "Kitchen, Dining & Household",
          "level1": "Household",
          "level2": "Food Storage"
        }
      ],
      "cateredFlag": false
    },
    {
      "productId": "5216870-EA-000",
      "brand": "Value",
      "name": "LED 9W  Frosted Warm White Bayonet Bulb",
      "displayName": "ea",
      "availability": [
        "IN_STORE",
        "ONLINE"
      ],
      "saleType": "UNITS",
      "restrictedFlag": false,
      "liquorFlag": false,
      "tobaccoFlag": false,
      "originRegulated": false,
      "singlePrice": {
        "price": 449
      },
      "facets": [
        {
          "itemCode": "00020012",
          "itemDescription": "Non-GMO"
        }
      ],
      "categoryTrees": [
        {
          "level0": "Kitchen, Dining & Household",
          "level1": "Household",
          "level2": "Light Bulbs"
        }
      ],
      "cateredFlag": false
    },
    {
      "productId": "5029943-EA-000",
      "brand": "Australian Women's Weekly",
      "name": "New Zealand Edition Magazine",
      "displayName": "ea",
      "availability": [
        "IN_STORE",
        "ONLINE"
      ],
      "saleType": "UNITS",
      "restrictedFlag": false,
      "liquorFlag": false,
      "tobaccoFlag": false,
      "originRegulated": false,
      "singlePrice": {
        "price": 999
      },
      "categoryTrees": [
        {
          "level0": "Kitchen, Dining & Household",
          "level1": "Stationery & Entertainment",
          "level2": "Magazines"
        }
      ],
      "cateredFlag": false
    },
    {
      "productId": "5254093-EA-000",
      "brand": "Earthwise",
      "name": "Ultra Sensitive Fragrance Free Plant Powered Laundry Liquid",
      "displayName": "4l",
      "availability": [
        "IN_STORE",
        "ONLINE"
      ],
      "saleType": "UNITS",
      "restrictedFlag": false,
      "liquorFlag": false,
      "tobaccoFlag": false,
      "originRegulated": false,
      "singlePrice": {
        "price": 2499,
        "comparativePrice": {
          "pricePerUnit": 62,
          "unitQuantity": 100,
          "unitQuantityUom": "ml",
          "measureDescription": "100ml"
        }
      },
      "categoryTrees": [
        {
          "level0": "Kitchen, Dining & Household",
          "level1": "Laundry",
          "level2": "Laundry Liquid & Capsules"
        }
      ],
      "cateredFlag": false
    },
    {
      "productId": "5030544-EA-000",
      "brand": "Vanish",
      "name": "Napisan Stain Remover Powder",
      "displayName": "2kg",
      "availability": [
        "IN_STORE",
        "ONLINE"
      ],
      "saleType": "UNITS",
      "restrictedFlag": false,
      "liquorFlag": false,
      "tobaccoFlag": false,
      "originRegulated": false,
      "singlePrice": {
        "price": 2099,
        "comparativePrice": {
          "pricePerUnit": 105,
          "unitQuantity": 100,
          "unitQuantityUom": "g",
          "measureDescription": "100g"
        }
      },
      "categoryTrees": [
        {
          "level0": "Kitchen, Dining & Household",
          "level1": "Laundry",
          "level2": "Pre Wash Stain Removers"
        }
      ],
      "cateredFlag": false
    },
    {
      "productId": "5235044-EA-000",
      "brand": "Eveready",
      "name": "Super Heavy Duty AA Battery",
      "displayName": "10pk",
      "availability": [
        "IN_STORE",
        "ONLINE"
      ],
      "saleType": "UNITS",
      "restrictedFlag": false,
      "liquorFlag": false,
      "tobaccoFlag": false,
      "originRegulated": false,
      "singlePrice": {
        "price": 1379,
        "comparativePrice": {
          "pricePerUnit": 138,
          "unitQuantity": 1,
          "unitQuantityUom": "ea",
          "measureDescription": "ea"
        }
      },
      "categoryTrees": [
        {
          "level0": "Kitchen, Dining & Household",
          "level1": "Household",
          "level2": "Batteries"
        }
      ],
      "cateredFlag": false
    }
  ],
  "algoliaSearchResult": {
    "facets": {
      "brand": {
        "Pams": 95,
        "Value": 63,
        "Korbond": 59,
        "Effects": 57,
        "Energizer": 48,
        "Sistema": 36,
        "Air Wick": 34,
        "Philips": 33,
        "Bic": 28,
        "Glade": 27,
        "Harpic": 25,
        "Dettol": 24,
        "Persil": 24,
        "Finish": 23,
        "Mortein": 23,
        "Surv": 23,
        "Duck": 21,
        "Eveready": 20,
        "Chux": 18,
        "Homeliving": 18,
        "Kate's Kitchen": 17,
        "Vanish": 17,
        "Zuru": 17,
        "Surf": 15,
        "Botanica": 13,
        "Raid": 13,
        "Real Value": 13,
        "Best": 12,
        "The Gardener": 12,
        "Big Black Sacks": 11,
        "Earthwise": 11,
        "Ja-Ru": 11,
        "Mr Muscle": 11,
        "Warwick": 11,
        "Ajax": 10,
        "Ecostore": 10,
        "Sellotape": 10,
        "Snazzee": 10,
        "Wonderdryer": 10,
        "Easy-Off": 9,
        "Fix It Today": 9,
        "Fluffy": 9,
        "Jackson": 9,
        "Antares": 7,
        "Cussons Morning Fresh": 7,
        "Decor": 7,
        "Holdfast": 7,
        "Sorbent": 7,
        "Ansell": 6,
        "Cuddly": 6,
        "Filta": 6,
        "Jif": 6,
        "Paseo": 6,
        "Sabco": 6,
        "Samba": 6,
        "Spring Fresh": 6,
        "3M": 5,
        "Active": 5,
        "Gorilla": 5,
        "Janola": 5,
        "Ziploc": 5,
        "Fab": 4,
        "Footcare": 4,
        "Justsoundz": 4,
        "Pams Value": 4,
        "Rug Doctor": 4,
        "Sistema TO GO": 4,
        "TV Guide": 4,
        "Tuffy": 4,
        "Wiltshire": 4,
        "Atomic": 3,
        "Boomerang": 3,
        "Cleanery": 3,
        "Collins": 3,
        "Croxley": 3,
        "DampRid": 3,
        "Dixon": 3,
        "Fresha": 3,
        "Glad": 3,
        "Good Change": 3,
        "Happy Birthday": 3,
        "Hot Devil": 3,
        "Kleenex": 3,
        "Mattel": 3,
        "Mono": 3,
        "National Candle": 3,
        "New Idea": 3,
        "No Vac": 3,
        "Ozkleen": 3,
        "Palmolive": 3,
        "Pledge": 3,
        "Purex": 3,
        "Seymours": 3,
        "Smash": 3,
        "Squishmallows": 3,
        "30 Seconds": 2,
        "Armor All": 2,
        "Beehive": 2,
        "Black Flag": 2,
        "Brand Developers": 2
      },
      "category1NI": {
        "Household": 660,
        "Cleaning Products": 338,
        "Stationery & Entertainment": 196,
        "Laundry": 115,
        "Garage & Outdoor": 60,
        "Pams": 45,
        "Baby Care": 1,
        "Dairy & Eggs": 1
      },
      "onPromotion": {
        "21ecaaed-0749-4492-985e-4bb7ba43d59c": 233,
        "48dd98cc-a757-4102-b15d-ea82b4b10571": 194,
        "7d48a781-4f68-4c91-a908-8659e1b22f95": 190,
        "3c5e3145-0767-4066-9349-6c0a1313acc5": 185,
        "dbca5e00-f7f9-43ae-91de-031ad16f8a92": 182,
        "61dd754e-8525-4b9e-9e08-173389eea8a8": 175,
        "49037947-e450-49bf-ba1f-a94551c79a72": 172,
        "c3f9e1a3-fc34-452d-af2e-95349e666ba4": 171,
        "15e6f441-5c1c-4d25-b4ec-1adf918c49c7": 169,
        "b29a98bd-749c-489c-9eef-6aa38e66a29b": 168,
        "b92cc33f-b5a8-4b57-9b82-412946800020": 165,
        "e1925ea7-01bc-4358-ae7c-c6502da5ab12": 165,
        "90082979-fb9f-4305-9c72-83274fc438cc": 164,
        "2ed73be8-936d-4f35-9398-75a707f40a7b": 163,
        "5f167936-79ae-4f6a-b9d2-74afe1bb096b": 163,
        "b2e98a14-c8ca-401e-99ed-edf74570c6f6": 163,
        "d8032da3-c1b9-456e-b626-41ce21f8c67b": 161,
        "5cf0392f-c187-4fc4-a463-eb269d2e8f45": 160,
        "c180a72d-5dbe-4403-b7c7-91655e505492": 160,
        "3bb30799-82ce-4648-8c02-5113228963ed": 157,
        "4a279605-eaa8-470d-bcd4-0a9e3c9ab43b": 155,
        "d6d39eea-889d-4e20-923c-55cab225cf7f": 155,
        "1c388d5e-29ac-4956-b476-cb3431353d2e": 154,
        "715f0e22-95e0-45ce-af3a-07057209976e": 154,
        "01a114de-149c-4f5f-80a1-90cc63f69c6e": 152,
        "be4c4780-218e-425a-a90f-63e21773572b": 150,
        "8cd700ae-d96f-4761-bd7a-805d6b93536d": 149,
        "3404c253-577f-45ca-b301-c98312e46efb": 148,
        "64eab5b1-8d79-45f4-94f1-02b8cf8b6202": 147,
        "8f0d70be-5cb7-464b-99cb-8b0130671895": 146,
        "b39562a4-2b72-43fe-b9ba-eda1d651ad0b": 145,
        "65defcf2-bc15-490e-a84f-1f13b769cd22": 144,
        "6c73764e-b8e6-4e55-ad37-f6a9d207da1f": 144,
        "a7d09522-bee2-41e4-8fe0-0b82b7f342f5": 144,
        "6e6809dd-01bc-45c9-aab1-f01ccd8338b0": 142,
        "714431ab-6e39-4df6-ac77-cfc5c1e25bc8": 139,
        "c2204dae-579e-4b6b-9d42-2e13ceaa6031": 137,
        "33d8d6fc-861a-45ff-9937-5ccdb55eaede": 136,
        "3bfe040b-f0c9-45e0-949b-b9ad5a591d55": 136,
        "60561e46-ece7-43a7-b142-9b14812586e4": 135,
        "d1cd1fdd-8767-46a6-a8d3-c3e0632c2dc8": 135,
        "af385423-d0f1-41f0-9482-ffd10b745143": 134,
        "529d66cc-60e3-432e-b8d1-efc9f2ec4919": 131,
        "98ec3885-ac93-4fcb-807b-59c9055c52c4": 130,
        "92086ded-a55d-4241-a364-7d7ea91531b4": 128,
        "3e82142c-78dc-46f3-82ec-28e65fcf84c9": 127,
        "4fcc1c8e-cc5e-4675-ba25-5e56b579cf69": 127,
        "94ef1985-cab1-4b39-a2f3-230120f03c16": 127,
        "50b1216b-d066-4457-b88b-9bccf97bf6d3": 126,
        "6cda96e1-7d29-44a6-956b-3fcfdecc8184": 120,
        "53989945-1a28-481d-a61c-d6f75f760ada": 114,
        "c0f80e87-16be-4488-9553-da437e8c6c2a": 104,
        "9cd8eb60-3222-4efc-bd7c-50e03e6a81a4": 100,
        "b83029b6-5dd5-449e-8056-26f3943a4e18": 82,
        "076e8177-943b-41fc-a885-ba3d28297acf": 66
      },
      "productFacets": {
        "Non-GMO": 183,
        "Dairy Free": 20,
        "Vegan": 7,
        "Organic": 1
      }
    }
  },
  "totalHits": 1000,
  "page": 7,
  "totalPages": 20,
  "hitsPerPage": 50
}
