{
  "tobaccoProducts": false,
  "products": [
    {
      "productId": "5023056-EA-000",
      "brand": "Raid",
      "name": "Odourless Flying Insect Killer",
      "displayName": "2pk",
      "availability": [
        "IN_STORE",
        "ONLINE"
      ],
      "saleType": "UNITS",
      "restrictedFlag": false,
      "liquorFlag": false,
      "tobaccoFlag": false,
      "originRegulated": false,
      "singlePrice": {
        "price": 829,
        "comparativePrice": {
          "pricePerUnit": 118,
          "unitQuantity": 100,
          "unitQuantityUom": "g",
          "measureDescription": "100g"
        }
      },
      "categoryTrees": [
        {
          "level0": "Kitchen, Dining & Household",
          "level1": "Household",
          "level2": "Pest & Insect Control"
        }
      ],
      "cateredFlag": false
    },
    {
      "productId": "5003076-EA-000",
      "brand": "Bic",
      "name": "Maxi Lighters Twin Pack",
      "displayName": "2pk",
      "availability": [
        "IN_STORE",
        "ONLINE"
      ],
      "saleType": "UNITS",
      "restrictedFlag": false,
      "liquorFlag": false,
      "tobaccoFlag": false,
      "originRegulated": false,
      "singlePrice": {
        "price": 649,
        "promoId": "128991009",
        "comparativePrice": {
          "pricePerUnit": 325,
          "unitQuantity": 1,
          "unitQuantityUom": "ea",
          "measureDescription": "ea"
        }
      },
      "promotions": [
        {
          "promoId": "128991009",
          "rewardValue": 649,
          "decal": "7000",
          "sapType": "BASE",
          "rewardType": "NEW_PRICE",
          "threshold": 1,
          "limit": 0,
          "multiProducts": false,
          "cardDependencyFlag": false,
          "bestPromotion": true,
          "comparativePrice": {
            "pricePerUnit": 325,
            "unitQuantity": 1,
            "unitQuantityUom": "ea",
            "measureDescription": "ea"
          }
        }
      ],
      "categoryTrees": [
        {
          "level0": "Kitchen, Dining & Household",
          "level1": "Household",
          "level2": "Fire Needs"
        }
      ],
      "cateredFlag": false
    },
    {
      "productId": "5229225-EA-000",
      "brand": "Value",
      "name": "Extra Large Rubbish Bags",
      "displayName": "5pk",
      "availability": [
        "IN_STORE",
        "ONLINE"
      ],
      "saleType": "UNITS",
      "restrictedFlag": false,
      "liquorFlag": false,
      "tobaccoFlag": false,
      "originRegulated": false,
      "singlePrice": {
        "price": 189,
        "comparativePrice": {
          "pricePerUnit": 38,
          "unitQuantity": 1,
          "unitQuantityUom": "ea",
          "measureDescription": "ea"
        }
      },
      "facets": [
        {
          "itemCode": "00020012",
          "itemDescription": "Non-GMO"
        }
      ],
      "categoryTrees": [
        {
          "level0": "Kitchen, Dining & Household",
          "level1": "Household",
          "level2": "Rubbish & Vacuum Bags"
        }
      ],
      "cateredFlag": false
    },
    {
      "productId": "5030444-EA-000",
      "brand": "Pams",
      "name": "Sensitive Laundry Powder",
      "displayName": "1kg",
      "availability": [
        "IN_STORE",
        "ONLINE"
      ],
      "saleType": "UNITS",
      "restrictedFlag": false,
      "liquorFlag": false,
      "tobaccoFlag": false,
      "originRegulated": false,
      "singlePrice": {
        "price": 379,
        "comparativePrice": {
          "pricePerUnit": 38,
          "unitQuantity": 100,
          "unitQuantityUom": "g",
          "measureDescription": "100g"
        }
      },
      "facets": [
        {
          "itemCode": "00020012",
          "itemDescription": "Non-GMO"
        }
      ],
      "categoryTrees": [
        {
          "level0": "Kitchen, Dining & Household",
          "level1": "Laundry",
          "level2": "Laundry Powders"
        }
      ],
      "cateredFlag": false
    },
    {
      "productId": "5228483-EA-000",
      "brand": "Surf",
      "name": "Herbal Extracts Laundry Liquid",
      "displayName": "4l",
      "availability": [
        "IN_STORE",
        "ONLINE"
      ],
      "saleType": "UNITS",
      "restrictedFlag": false,
      "liquorFlag": false,
      "tobaccoFlag": false,
      "originRegulated": false,
      "singlePrice": {
        "price": 2399,
        "comparativePrice": {
          "pricePerUnit": 60,
          "unitQuantity": 100,
          "unitQuantityUom": "ml",
          "measureDescription": "100ml"
        }
      },
      "facets": [
        {
          "itemCode": "00020012",
          "itemDescription": "Non-GMO"
        }
      ],
      "categoryTrees": [
        {
          "level0": "Kitchen, Dining & Household",
          "level1": "Laundry",
          "level2": "Laundry Liquid & Capsules"
        }
      ],
      "cateredFlag": false
    },
    {
      "productId": "5223731-EA-000",
      "brand": "Value",
      "name": "Heavy Duty Scouring Pads",
      "displayName": "5pk",
      "availability": [
        "IN_STORE",
        "ONLINE"
      ],
      "saleType": "UNITS",
      "restrictedFlag": false,
      "liquorFlag": false,
      "tobaccoFlag": false,
      "originRegulated": false,
      "singlePrice": {
        "price": 99,
        "comparativePrice": {
          "pricePerUnit": 20,
          "unitQuantity": 1,
          "unitQuantityUom": "ea",
          "measureDescription": "ea"
        }
      },
      "facets": [
        {
          "itemCode": "00020012",
          "itemDescription": "Non-GMO"
        }
      ],
      "categoryTrees": [
        {
          "level0": "Kitchen, Dining & Household",
          "level1": "Cleaning Products",
          "level2": "Cleaning Accessories"
        }
      ],
      "cateredFlag": false
    },
    {
      "productId": "5023994-EA-000",
      "brand": "Spring Fresh",
      "name": "Orange With Charcoal Extract Extra Large Multi-Purpose Anti-Bacterial Wipes",
      "displayName": "80pk",
      "availability": [
        "IN_STORE",
        "ONLINE"
      ],
      "saleType": "UNITS",
      "restrictedFlag": false,
      "liquorFlag": false,
      "tobaccoFlag": false,
      "originRegulated": false,
      "singlePrice": {
        "price": 469,
        "comparativePrice": {
          "pricePerUnit": 586,
          "unitQuantity": 100,
          "unitQuantityUom": " ",
          "measureDescription": "100"
        }
      },
      "categoryTrees": [
        {
          "level0": "Kitchen, Dining & Household",
          "level1": "Cleaning Products",
          "level2": "Cleaning Accessories"
        }
      ],
      "cateredFlag": false
    },
    {
      "productId": "5228769-EA-000",
      "brand": "Harpic",
      "name": "Fresh Power Lavender Toilet Cleaner",
      "displayName": "450ml",
      "availability": [
        "IN_STORE",
        "ONLINE"
      ],
      "saleType": "UNITS",
      "restrictedFlag": false,
      "liquorFlag": false,
      "tobaccoFlag": false,
      "originRegulated": false,
      "singlePrice": {
        "price": 279,
        "promoId": "128929736",
        "comparativePrice": {
          "pricePerUnit": 62,
          "unitQuantity": 100,
          "unitQuantityUom": "ml",
          "measureDescription": "100ml"
        }
      },
      "promotions": [
        {
          "promoId": "128929736",
          "rewardValue": 279,
          "decal": "6000",
          "sapType": "BASE",
          "rewardType": "NEW_PRICE",
          "threshold": 1,
          "limit": 0,
          "multiProducts": false,
          "cardDependencyFlag": false,
          "bestPromotion": true,
          "comparativePrice": {
            "pricePerUnit": 62,
            "unitQuantity": 100,
            "unitQuantityUom": "ml",
            "measureDescription": "100ml"
          }
        }
      ],
      "categoryTrees": [
        {
          "level0": "Kitchen, Dining & Household",
          "level1": "Cleaning Products",
          "level2": "Bathroom & Shower Cleaners"
        }
      ],
      "cateredFlag": false
    },
    {
      "productId": "5013360-EA-000",
      "brand": "Finish",
      "name": "Powerball Rinse And Shine Aid",
      "displayName": "500ml",
      "availability": [
        "IN_STORE",
        "ONLINE"
      ],
      "saleType": "UNITS",
      "restrictedFlag": false,
      "liquorFlag": false,
      "tobaccoFlag": false,
      "originRegulated": false,
      "singlePrice": {
        "price": 749,
        "promoId": "128978504",
        "comparativePrice": {
          "pricePerUnit": 150,
          "unitQuantity": 100,
          "unitQuantityUom": "ml",
          "measureDescription": "100ml"
        }
      },
      "promotions": [
        {
          "promoId": "128978504",
          "rewardValue": 749,
          "decal": "6000",
          "sapType": "BASE",
          "rewardType": "NEW_PRICE",
          "threshold": 1,
          "limit": 0,
          "multiProducts": false,
          "cardDependencyFlag": false,
          "bestPromotion": true,
          "comparativePrice": {
            "pricePerUnit": 150,
            "unitQuantity": 100,
            "unitQuantityUom": "ml",
            "measureDescription": "100ml"
          }
        }
      ],
      "categoryTrees": [
        {
          "level0": "Kitchen, Dining & Household",
          "level1": "Cleaning Products",
          "level2": "Dishwasher Rinse & Clean"
        }
      ],
      "cateredFlag": false
    },
    {
      "productId": "5279272-EA-000",
      "brand": "Dettol",
      "name": "Classic Antiseptic Liquid",
      "displayName": "750ml",
      "availability": [
        "IN_STORE",
        "ONLINE"
      ],
      "saleType": "UNITS",
      "restrictedFlag": false,
      "liquorFlag": false,
      "tobaccoFlag": false,
      "originRegulated": false,
      "singlePrice": {
        "price": 1449,
        "comparativePrice": {
          "pricePerUnit": 193,
          "unitQuantity": 100,
          "unitQuantityUom": "ml",
          "measureDescription": "100ml"
        }
      },
      "categoryTrees": [
        {
          "level0": "Kitchen, Dining & Household",
          "level1": "Cleaning Products",
          "level2": "All Purpose Cleaners"
        }
      ],
      "cateredFlag": false
    },
    {
      "productId": "5103789-EA-000",
      "brand": "Samba",
      "name": "Extra Long BBQ Safety Matches",
      "displayName": "50pk",
      "availability": [
        "IN_STORE",
        "ONLINE"
      ],
      "saleType": "UNITS",
      "restrictedFlag": false,
      "liquorFlag": false,
      "tobaccoFlag": false,
      "originRegulated": false,
      "singlePrice": {
        "price": 214,
        "comparativePrice": {
          "pricePerUnit": 428,
          "unitQuantity": 100,
          "unitQuantityUom": " ",
          "measureDescription": "100"
        }
      },
      "categoryTrees": [
        {
          "level0": "Kitchen, Dining & Household",
          "level1": "Household",
          "level2": "Fire Needs"
        }
      ],
      "cateredFlag": false
    },
    {
      "productId": "5080790-EA-000",
      "brand": "Wellington City Council",
      "name": "Yellow Rubbish Bags",
      "displayName": "5pk",
      "availability": [
        "IN_STORE",
        "ONLINE"
      ],
      "saleType": "UNITS",
      "restrictedFlag": false,
      "liquorFlag": false,
      "tobaccoFlag": false,
      "originRegulated": false,
      "singlePrice": {
        "price": 1990,
        "comparativePrice": {
          "pricePerUnit": 398,
          "unitQuantity": 1,
          "unitQuantityUom": "ea",
          "measureDescription": "ea"
        }
      },
      "categoryTrees": [
        {
          "level0": "Kitchen, Dining & Household",
          "level1": "Household",
          "level2": "Rubbish & Vacuum Bags"
        }
      ],
      "cateredFlag": false
    },
    {
      "productId": "5225008-EA-000",
      "brand": "Value",
      "name": "Stainless Steel Scourers",
      "displayName": "3pk",
      "availability": [
        "IN_STORE",
        "ONLINE"
      ],
      "saleType": "UNITS",
      "restrictedFlag": false,
      "liquorFlag": false,
      "tobaccoFlag": false,
      "originRegulated": false,
      "singlePrice": {
        "price": 179,
        "comparativePrice": {
          "pricePerUnit": 60,
          "unitQuantity": 1,
          "unitQuantityUom": "ea",
          "measureDescription": "ea"
        }
      },
      "facets": [
        {
          "itemCode": "00020012",
          "itemDescription": "Non-GMO"
        }
      ],
      "categoryTrees": [
        {
          "level0": "Kitchen, Dining & Household",
          "level1": "Cleaning Products",
          "level2": "Cleaning Accessories"
        }
      ],
      "cateredFlag": false
    },
    {
      "productId": "5028436-EA-000",
      "brand": "New Idea",
      "name": "Std Magazine",
      "displayName": "ea",
      "availability": [
        "IN_STORE",
        "ONLINE"
      ],
      "saleType": "UNITS",
      "restrictedFlag": false,
      "liquorFlag": false,
      "tobaccoFlag": false,
      "originRegulated": false,
      "singlePrice": {
        "price": 599
      },
      "categoryTrees": [
        {
          "level0": "Kitchen, Dining & Household",
          "level1": "Stationery & Entertainment",
          "level2": "Magazines"
        }
      ],
      "cateredFlag": false
    },
    {
      "productId": "5028421-EA-000",
      "brand": "NZ Woman's Weekly",
      "name": "Magazine",
      "displayName": "ea",
      "availability": [
        "IN_STORE",
        "ONLINE"
      ],
      "saleType": "UNITS",
      "restrictedFlag": false,
      "liquorFlag": false,
      "tobaccoFlag": false,
      "originRegulated": false,
      "singlePrice": {
        "price": 599
      },
      "categoryTrees": [
        {
          "level0": "Kitchen, Dining & Household",
          "level1": "Stationery & Entertainment",
          "level2": "Magazines"
        }
      ],
      "cateredFlag": false
    },
    {
      "productId": "5266527-EA-000",
      "brand": "Vanish",
      "name": "Preen Stain Remover Gold Ultra Power Spray",
      "displayName": "450ml",
      "availability": [
        "IN_STORE",
        "ONLINE"
      ],
      "saleType": "UNITS",
      "restrictedFlag": false,
      "liquorFlag": false,
      "tobaccoFlag": false,
      "originRegulated": false,
      "singlePrice": {
        "price": 1099,
        "comparativePrice": {
          "pricePerUnit": 244,
          "unitQuantity": 100,
          "unitQuantityUom": "ml",
          "measureDescription": "100ml"
        }
      },
      "categoryTrees": [
        {
          "level0": "Kitchen, Dining & Household",
          "level1": "Laundry",
          "level2": "Pre Wash Stain Removers"
        }
      ],
      "cateredFlag": false
    },
    {
      "productId": "5011871-EA-000",
      "brand": "Duck",
      "name": "Blue In Cistern Toilet Block",
      "displayName": "2pk",
      "availability": [
        "IN_STORE",
        "ONLINE"
      ],
      "saleType": "UNITS",
      "restrictedFlag": false,
      "liquorFlag": false,
      "tobaccoFlag": false,
      "originRegulated": false,
      "singlePrice": {
        "price": 429,
        "promoId": "128974081",
        "comparativePrice": {
          "pricePerUnit": 429,
          "unitQuantity": 100,
          "unitQuantityUom": "g",
          "measureDescription": "100g"
        }
      },
      "promotions": [
        {
          "promoId": "128974081",
          "rewardValue": 429,
          "decal": "7000",
          "sapType": "BASE",
          "rewardType": "NEW_PRICE",
          "threshold": 1,
          "limit": 0,
          "multiProducts": false,
          "cardDependencyFlag": false,
          "bestPromotion": true,
          "comparativePrice": {
            "pricePerUnit": 429,
            "unitQuantity": 100,
            "unitQuantityUom": "g",
            "measureDescription": "100g"
          }
        }
      ],
      "categoryTrees": [
        {
          "level0": "Kitchen, Dining & Household",
          "level1": "Cleaning Products",
          "level2": "Bathroom & Shower Cleaners"
        }
      ],
      "cateredFlag": false
    },
    {
      "productId": "5001166-EA-000",
      "brand": "Ajax",
      "name": "Lemon Cream Cleanser",
      "displayName": "375ml",
      "availability": [
        "IN_STORE",
        "ONLINE"
      ],
      "saleType": "UNITS",
      "restrictedFlag": false,
      "liquorFlag": false,
      "tobaccoFlag": false,
      "originRegulated": false,
      "singlePrice": {
        "price": 349,
        "comparativePrice": {
          "pricePerUnit": 93,
          "unitQuantity": 100,
          "unitQuantityUom": "ml",
          "measureDescription": "100ml"
        }
      },
      "categoryTrees": [
        {
          "level0": "Kitchen, Dining & Household",
          "level1": "Cleaning Products",
          "level2": "All Purpose Cleaners"
        }
      ],
      "cateredFlag": false
    },
    {
      "productId": "5004892-EA-000",
      "brand": "Pams",
      "name": "Imitation Greaseproof Lunchwrap 25m x 300mm",
      "displayName": "25m",
      "availability": [
        "IN_STORE",
        "ONLINE"
      ],
      "saleType": "UNITS",
      "restrictedFlag": false,
      "liquorFlag": false,
      "tobaccoFlag": false,
      "originRegulated": false,
      "singlePrice": {
        "price": 279,
        "comparativePrice": {
          "pricePerUnit": 11,
          "unitQuantity": 1,
          "unitQuantityUom": "m",
          "measureDescription": "1m"
        }
      },
      "facets": [
        {
          "itemCode": "00020012",
          "itemDescription": "Non-GMO"
        }
      ],
      "categoryTrees": [
        {
          "level0": "Kitchen, Dining & Household",
          "level1": "Household",
          "level2": "Food Wraps & Bags"
        },
        {
          "level0": "Featured",
          "level1": "Pams",
          "level2": "Household"
        }
      ],
      "cateredFlag": false
    },
    {
      "productId": "5028294-EA-000",
      "brand": "The Post",
      "name": "Newspaper (Monday - Friday)",
      "displayName": "1pk",
      "availability": [
        "IN_STORE",
        "ONLINE"
      ],
      "saleType": "UNITS",
      "restrictedFlag": false,
      "liquorFlag": false,
      "tobaccoFlag": false,
      "originRegulated": false,
      "singlePrice": {
        "price": 380
      },
      "categoryTrees": [
        {
          "level0": "Kitchen, Dining & Household",
          "level1": "Stationery & Entertainment",
          "level2": "Newspapers"
        }
      ],
      "cateredFlag": false
    },
    {
      "productId": "5223723-EA-000",
      "brand": "Value",
      "name": "Heavy Duty Cellulose Sponge Scourers",
      "displayName": "3pk",
      "availability": [
        "IN_STORE",
        "ONLINE"
      ],
      "saleType": "UNITS",
      "restrictedFlag": false,
      "liquorFlag": false,
      "tobaccoFlag": false,
      "originRegulated": false,
      "singlePrice": {
        "price": 209,
        "comparativePrice": {
          "pricePerUnit": 70,
          "unitQuantity": 1,
          "unitQuantityUom": "ea",
          "measureDescription": "ea"
        }
      },
      "facets": [
        {
          "itemCode": "00020012",
          "itemDescription": "Non-GMO"
        }
      ],
      "categoryTrees": [
        {
          "level0": "Kitchen, Dining & Household",
          "level1": "Cleaning Products",
          "level2": "Cleaning Accessories"
        }
      ],
      "cateredFlag": false
    },
    {
      "productId": "5002474-EA-000",
      "brand": "Vanish",
      "name": "Napisan Stain Remover Powder",
      "displayName": "1kg",
      "availability": [
        "IN_STORE",
        "ONLINE"
      ],
      "saleType": "UNITS",
      "restrictedFlag": false,
      "liquorFlag": false,
      "tobaccoFlag": false,
      "originRegulated": false,
      "singlePrice": {
        "price": 1149,
        "comparativePrice": {
          "pricePerUnit": 115,
          "unitQuantity": 100,
          "unitQuantityUom": "g",
          "measureDescription": "100g"
        }
      },
      "categoryTrees": [
        {
          "level0": "Kitchen, Dining & Household",
          "level1": "Laundry",
          "level2": "Pre Wash Stain Removers"
        }
      ],
      "cateredFlag": false
    },
    {
      "productId": "5203178-EA-000",
      "brand": "Pams",
      "name": "Foil Dispenser Box 300mm Wide",
      "displayName": "50m",
      "availability": [
        "IN_STORE",
        "ONLINE"
      ],
      "saleType": "UNITS",
      "restrictedFlag": false,
      "liquorFlag": false,
      "tobaccoFlag": false,
      "originRegulated": false,
      "singlePrice": {
        "price": 1049,
        "comparativePrice": {
          "pricePerUnit": 21,
          "unitQuantity": 1,
          "unitQuantityUom": "m",
          "measureDescription": "1m"
        }
      },
      "facets": [
        {
          "itemCode": "00020012",
          "itemDescription": "Non-GMO"
        }
      ],
      "categoryTrees": [
        {
          "level0": "Kitchen, Dining & Household",
          "level1": "Household",
          "level2": "Food Wraps & Bags"
        },
        {
          "level0": "Featured",
          "level1": "Pams",
          "level2": "Household"
        }
      ],
      "cateredFlag": false
    },
    {
      "productId": "5010586-EA-000",
      "brand": "Harpic",
      "name": "White & Shine Fresh Thick Bleach Gel",
      "displayName": "450ml",
      "availability": [
        "IN_STORE",
        "ONLINE"
      ],
      "saleType": "UNITS",
      "restrictedFlag": false,
      "liquorFlag": false,
      "tobaccoFlag": false,
      "originRegulated": false,
      "singlePrice": {
        "price": 349,
        "promoId": "128978502",
        "comparativePrice": {
          "pricePerUnit": 78,
          "unitQuantity": 100,
          "unitQuantityUom": "ml",
          "measureDescription": "100ml"
        }
      },
      "promotions": [
        {
          "promoId": "128978502",
          "rewardValue": 349,
          "decal": "6000",
          "sapType": "BASE",
          "rewardType": "NEW_PRICE",
          "threshold": 1,
          "limit": 0,
          "multiProducts": false,
          "cardDependencyFlag": false,
          "bestPromotion": true,
          "comparativePrice": {
            "pricePerUnit": 78,
            "unitQuantity": 100,
            "unitQuantityUom": "ml",
            "measureDescription": "100ml"
          }
        }
      ],
      "categoryTrees": [
        {
          "level0": "Kitchen, Dining & Household",
          "level1": "Cleaning Products",
          "level2": "Bathroom & Shower Cleaners"
        }
      ],
      "cateredFlag": false
    },
    {
      "productId": "5019703-EA-000",
      "brand": "Glade",
      "name": "Hawaiian Breeze Air Freshener",
      "displayName": "200g",
      "availability": [
        "IN_STORE",
        "ONLINE"
      ],
      "saleType": "UNITS",
      "restrictedFlag": false,
      "liquorFlag": false,
      "tobaccoFlag": false,
      "originRegulated": false,
      "singlePrice": {
        "price": 329,
        "promoId": "128974043",
        "comparativePrice": {
          "pricePerUnit": 165,
          "unitQuantity": 100,
          "unitQuantityUom": "g",
          "measureDescription": "100g"
        }
      },
      "promotions": [
        {
          "promoId": "128974043",
          "rewardValue": 329,
          "decal": "7000",
          "sapType": "BASE",
          "rewardType": "NEW_PRICE",
          "threshold": 1,
          "limit": 0,
          "multiProducts": false,
          "cardDependencyFlag": false,
          "bestPromotion": true,
          "comparativePrice": {
            "pricePerUnit": 165,
            "unitQuantity": 100,
            "unitQuantityUom": "g",
            "measureDescription": "100g"
          }
        }
      ],
      "categoryTrees": [
        {
          "level0": "Kitchen, Dining & Household",
          "level1": "Household",
          "level2": "Air Fresheners & Deodorisers"
        }
      ],
      "cateredFlag": false
    },
    {
      "productId": "5001673-EA-000",
      "brand": "Sunlight",
      "name": "Pure Soap",
      "displayName": "4pk",
      "availability": [
        "IN_STORE",
        "ONLINE"
      ],
      "saleType": "UNITS",
      "restrictedFlag": false,
      "liquorFlag": false,
      "tobaccoFlag": false,
      "originRegulated": false,
      "singlePrice": {
        "price": 449,
        "comparativePrice": {
          "pricePerUnit": 90,
          "unitQuantity": 100,
          "unitQuantityUom": "g",
          "measureDescription": "100g"
        }
      },
      "categoryTrees": [
        {
          "level0": "Kitchen, Dining & Household",
          "level1": "Laundry",
          "level2": "Laundry Soap"
        }
      ],
      "cateredFlag": false
    },
    {
      "productId": "5013123-EA-000",
      "brand": "Cuddly",
      "name": "Aroma Collections Relaxing Wild Lavender Fabric Conditioner Sachet",
      "displayName": "300ml",
      "availability": [
        "IN_STORE",
        "ONLINE"
      ],
      "saleType": "UNITS",
      "restrictedFlag": false,
      "liquorFlag": false,
      "tobaccoFlag": false,
      "originRegulated": false,
      "singlePrice": {
        "price": 359,
        "comparativePrice": {
          "pricePerUnit": 120,
          "unitQuantity": 100,
          "unitQuantityUom": "ml",
          "measureDescription": "100ml"
        }
      },
      "categoryTrees": [
        {
          "level0": "Kitchen, Dining & Household",
          "level1": "Laundry",
          "level2": "Fabric Softeners"
        }
      ],
      "cateredFlag": false
    },
    {
      "productId": "5011159-EA-000",
      "brand": "Air Wick",
      "name": "Lavender Air Freshener",
      "displayName": "237g",
      "availability": [
        "IN_STORE",
        "ONLINE"
      ],
      "saleType": "UNITS",
      "restrictedFlag": false,
      "liquorFlag": false,
      "tobaccoFlag": false,
      "originRegulated": false,
      "singlePrice": {
        "price": 279,
        "promoId": "128929717",
        "comparativePrice": {
          "pricePerUnit": 118,
          "unitQuantity": 100,
          "unitQuantityUom": "g",
          "measureDescription": "100g"
        }
      },
      "promotions": [
        {
          "promoId": "128929717",
          "rewardValue": 279,
          "decal": "6000",
          "sapType": "BASE",
          "rewardType": "NEW_PRICE",
          "threshold": 1,
          "limit": 0,
          "multiProducts": false,
          "cardDependencyFlag": false,
          "bestPromotion": true,
          "comparativePrice": {
            "pricePerUnit": 118,
            "unitQuantity": 100,
            "unitQuantityUom": "g",
            "measureDescription": "100g"
          }
        }
      ],
      "categoryTrees": [
        {
          "level0": "Kitchen, Dining & Household",
          "level1": "Household",
          "level2": "Air Fresheners & Deodorisers"
        }
      ],
      "cateredFlag": false
    },
    {
      "productId": "5251869-EA-000",
      "brand": "Surv",
      "name": "Foil BBQ Trays",
      "displayName": "3pk",
      "availability": [
        "IN_STORE",
        "ONLINE"
      ],
      "saleType": "UNITS",
      "restrictedFlag": false,
      "liquorFlag": false,
      "tobaccoFlag": false,
      "originRegulated": false,
      "singlePrice": {
        "price": 469,
        "comparativePrice": {
          "pricePerUnit": 156,
          "unitQuantity": 1,
          "unitQuantityUom": "ea",
          "measureDescription": "ea"
        }
      },
      "categoryTrees": [
        {
          "level0": "Kitchen, Dining & Household",
          "level1": "Household",
          "level2": "Cooking & Bakeware"
        }
      ],
      "cateredFlag": false
    },
    {
      "productId": "5004302-EA-000",
      "brand": "Boomerang",
      "name": "Ultra Super Slim Filters",
      "displayName": "140pk",
      "availability": [
        "IN_STORE",
        "ONLINE"
      ],
      "saleType": "UNITS",
      "restrictedFlag": false,
      "liquorFlag": false,
      "tobaccoFlag": false,
      "originRegulated": false,
      "singlePrice": {
        "price": 115
      },
      "categoryTrees": [
        {
          "level0": "Kitchen, Dining & Household",
          "level1": "Stationery & Entertainment",
          "level2": "Tobacco Papers & Filters"
        }
      ],
      "cateredFlag": false
    },
    {
      "productId": "5231713-EA-000",
      "brand": "Value",
      "name": "Ultra Fresh Fabric Softener",
      "displayName": "2l",
      "availability": [
        "IN_STORE",
        "ONLINE"
      ],
      "saleType": "UNITS",
      "restrictedFlag": false,
      "liquorFlag": false,
      "tobaccoFlag": false,
      "originRegulated": false,
      "singlePrice": {
        "price": 459,
        "comparativePrice": {
          "pricePerUnit": 23,
          "unitQuantity": 100,
          "unitQuantityUom": "ml",
          "measureDescription": "100ml"
        }
      },
      "facets": [
        {
          "itemCode": "00020012",
          "itemDescription": "Non-GMO"
        }
      ],
      "categoryTrees": [
        {
          "level0": "Kitchen, Dining & Household",
          "level1": "Laundry",
          "level2": "Fabric Softeners"
        }
      ],
      "cateredFlag": false
    },
    {
      "productId": "5027458-EA-000",
      "brand": "Sistema TO GO",
      "name": "Yoghurt Container",
      "displayName": "ea",
      "availability": [
        "IN_STORE",
        "ONLINE"
      ],
      "saleType": "UNITS",
      "restrictedFlag": false,
      "liquorFlag": false,
      "tobaccoFlag": false,
      "originRegulated": false,
      "singlePrice": {
        "price": 319
      },
      "categoryTrees": [
        {
          "level0": "Kitchen, Dining & Household",
          "level1": "Household",
          "level2": "Food Storage"
        }
      ],
      "cateredFlag": false
    },
    {
      "productId": "5257732-EA-000",
      "brand": "Dettol",
      "name": "Healthy Clean Green Apple Multipurpose Cleaner Antibacterial Spray",
      "displayName": "500ml",
      "availability": [
        "IN_STORE",
        "ONLINE"
      ],
      "saleType": "UNITS",
      "restrictedFlag": false,
      "liquorFlag": false,
      "tobaccoFlag": false,
      "originRegulated": false,
      "singlePrice": {
        "price": 519,
        "comparativePrice": {
          "pricePerUnit": 104,
          "unitQuantity": 100,
          "unitQuantityUom": "ml",
          "measureDescription": "100ml"
        }
      },
      "categoryTrees": [
        {
          "level0": "Kitchen, Dining & Household",
          "level1": "Cleaning Products",
          "level2": "All Purpose Cleaners"
        }
      ],
      "cateredFlag": false
    },
    {
      "productId": "5086473-EA-000",
      "brand": "Persil",
      "name": "Ultimate Laundry Powder",
      "displayName": "4kg",
      "availability": [
        "IN_STORE",
        "ONLINE"
      ],
      "saleType": "UNITS",
      "restrictedFlag": false,
      "liquorFlag": false,
      "tobaccoFlag": false,
      "originRegulated": false,
      "singlePrice": {
        "price": 2299,
        "promoId": "128929770",
        "comparativePrice": {
          "pricePerUnit": 57,
          "unitQuantity": 100,
          "unitQuantityUom": "g",
          "measureDescription": "100g"
        }
      },
      "promotions": [
        {
          "promoId": "128929770",
          "rewardValue": 2299,
          "decal": "6000",
          "sapType": "BASE",
          "rewardType": "NEW_PRICE",
          "threshold": 1,
          "limit": 0,
          "multiProducts": false,
          "cardDependencyFlag": false,
          "bestPromotion": true,
          "comparativePrice": {
            "pricePerUnit": 57,
            "unitQuantity": 100,
            "unitQuantityUom": "g",
            "measureDescription": "100g"
          }
        }
      ],
      "facets": [
        {
          "itemCode": "00020012",
          "itemDescription": "Non-GMO"
        }
      ],
      "categoryTrees": [
        {
          "level0": "Kitchen, Dining & Household",
          "level1": "Laundry",
          "level2": "Laundry Powders"
        }
      ],
      "cateredFlag": false
    },
    {
      "productId": "5009547-EA-000",
      "brand": "Ajax",
      "name": "Spray n' Wipe Apple Blossom & Citrus Antibacterial Disinfectant Cleaner",
      "displayName": "500ml",
      "availability": [
        "IN_STORE",
        "ONLINE"
      ],
      "saleType": "UNITS",
      "restrictedFlag": false,
      "liquorFlag": false,
      "tobaccoFlag": false,
      "originRegulated": false,
      "singlePrice": {
        "price": 379,
        "promoId": "128996530",
        "comparativePrice": {
          "pricePerUnit": 76,
          "unitQuantity": 100,
          "unitQuantityUom": "ml",
          "measureDescription": "100ml"
        }
      },
      "promotions": [
        {
          "promoId": "128996530",
          "rewardValue": 379,
          "decal": "6000",
          "sapType": "BASE",
          "rewardType": "NEW_PRICE",
          "threshold": 1,
          "limit": 0,
          "multiProducts": false,
          "cardDependencyFlag": false,
          "bestPromotion": true,
          "comparativePrice": {
            "pricePerUnit": 76,
            "unitQuantity": 100,
            "unitQuantityUom": "ml",
            "measureDescription": "100ml"
          }
        }
      ],
      "categoryTrees": [
        {
          "level0": "Kitchen, Dining & Household",
          "level1": "Cleaning Products",
          "level2": "All Purpose Cleaners"
        }
      ],
      "cateredFlag": false
    },
    {
      "productId": "5235954-EA-000",
      "brand": "Sorbent",
      "name": "Hypo-Allergenic Flushable Wipes",
      "displayName": "40pk",
      "availability": [
        "IN_STORE",
        "ONLINE"
      ],
      "saleType": "UNITS",
      "restrictedFlag": false,
      "liquorFlag": false,
      "tobaccoFlag": false,
      "originRegulated": false,
      "singlePrice": {
        "price": 449,
        "comparativePrice": {
          "pricePerUnit": 11,
          "unitQuantity": 1,
          "unitQuantityUom": "ea",
          "measureDescription": "ea"
        }
      },
      "categoryTrees": [
        {
          "level0": "Kitchen, Dining & Household",
          "level1": "Household",
          "level2": "Tissues & Toilet Paper"
        }
      ],
      "cateredFlag": false
    },
    {
      "productId": "5006151-EA-000",
      "brand": "Pams",
      "name": "Large Oven Bags 350 x 430mm",
      "displayName": "3pk",
      "availability": [
        "IN_STORE",
        "ONLINE"
      ],
      "saleType": "UNITS",
      "restrictedFlag": false,
      "liquorFlag": false,
      "tobaccoFlag": false,
      "originRegulated": false,
      "singlePrice": {
        "price": 229,
        "comparativePrice": {
          "pricePerUnit": 76,
          "unitQuantity": 1,
          "unitQuantityUom": "ea",
          "measureDescription": "ea"
        }
      },
      "facets": [
        {
          "itemCode": "00020012",
          "itemDescription": "Non-GMO"
        }
      ],
      "categoryTrees": [
        {
          "level0": "Kitchen, Dining & Household",
          "level1": "Household",
          "level2": "Food Wraps & Bags"
        },
        {
          "level0": "Featured",
          "level1": "Pams",
          "level2": "Household"
        }
      ],
      "cateredFlag": false
    },
    {
      "productId": "5025427-EA-000",
      "brand": "Active",
      "name": "Lemon Automatic Dishwasher Powder",
      "displayName": "2kg",
      "availability": [
        "IN_STORE",
        "ONLINE"
      ],
      "saleType": "UNITS",
      "restrictedFlag": false,
      "liquorFlag": false,
      "tobaccoFlag": false,
      "originRegulated": false,
      "singlePrice": {
        "price": 1319,
        "comparativePrice": {
          "pricePerUnit": 66,
          "unitQuantity": 100,
          "unitQuantityUom": "g",
          "measureDescription": "100g"
        }
      },
      "categoryTrees": [
        {
          "level0": "Kitchen, Dining & Household",
          "level1": "Cleaning Products",
          "level2": "Dishwasher Detergents"
        }
      ],
      "cateredFlag": false
    },
    {
      "productId": "5255452-EA-000",
      "brand": "Duck",
      "name": "Ocean Burst Extra Power Toilet Shield",
      "displayName": "500ml",
      "availability": [
        "IN_STORE",
        "ONLINE"
      ],
      "saleType": "UNITS",
      "restrictedFlag": false,
      "liquorFlag": false,
      "tobaccoFlag": false,
      "originRegulated": false,
      "singlePrice": {
        "price": 399,
        "promoId": "128974062",
        "comparativePrice": {
          "pricePerUnit": 80,
          "unitQuantity": 100,
          "unitQuantityUom": "ml",
          "measureDescription": "100ml"
        }
      },
      "promotions": [
        {
          "promoId": "128974062",
          "rewardValue": 399,
          "decal": "6000",
          "sapType": "BASE",
          "rewardType": "NEW_PRICE",
          "threshold": 1,
          "limit": 0,
          "multiProducts": false,
          "cardDependencyFlag": false,
          "bestPromotion": true,
          "comparativePrice": {
            "pricePerUnit": 80,
            "unitQuantity": 100,
            "unitQuantityUom": "ml",
            "measureDescription": "100ml"
          }
        }
      ],
      "categoryTrees": [
        {
          "level0": "Kitchen, Dining & Household",
          "level1": "Cleaning Products",
          "level2": "Bathroom & Shower Cleaners"
        }
      ],
      "cateredFlag": false
    },
    {
      "productId": "5021659-EA-000",
      "brand": "Fluffy",
      "name": "Fragrance Temptations Spice Allure Concentrated Fabric Softener Conditioner",
      "displayName": "1l",
      "availability": [
        "IN_STORE",
        "ONLINE"
      ],
      "saleType": "UNITS",
      "restrictedFlag": false,
      "liquorFlag": false,
      "tobaccoFlag": false,
      "originRegulated": false,
      "singlePrice": {
        "price": 799,
        "comparativePrice": {
          "pricePerUnit": 80,
          "unitQuantity": 100,
          "unitQuantityUom": "ml",
          "measureDescription": "100ml"
        }
      },
      "categoryTrees": [
        {
          "level0": "Kitchen, Dining & Household",
          "level1": "Laundry",
          "level2": "Fabric Softeners"
        }
      ],
      "cateredFlag": false
    },
    {
      "productId": "5090064-EA-000",
      "brand": "Fab",
      "name": "Gold Obsession Laundry Detergent Liquid",
      "displayName": "1.8l",
      "availability": [
        "IN_STORE",
        "ONLINE"
      ],
      "saleType": "UNITS",
      "restrictedFlag": false,
      "liquorFlag": false,
      "tobaccoFlag": false,
      "originRegulated": false,
      "singlePrice": {
        "price": 1299,
        "comparativePrice": {
          "pricePerUnit": 72,
          "unitQuantity": 100,
          "unitQuantityUom": "ml",
          "measureDescription": "100ml"
        }
      },
      "categoryTrees": [
        {
          "level0": "Kitchen, Dining & Household",
          "level1": "Laundry",
          "level2": "Laundry Liquid & Capsules"
        }
      ],
      "cateredFlag": false
    },
    {
      "productId": "5229227-EA-000",
      "brand": "Harpic",
      "name": "Fresh Power Tropical Blossom Toilet Cleaner",
      "displayName": "450ml",
      "availability": [
        "IN_STORE",
        "ONLINE"
      ],
      "saleType": "UNITS",
      "restrictedFlag": false,
      "liquorFlag": false,
      "tobaccoFlag": false,
      "originRegulated": false,
      "singlePrice": {
        "price": 279,
        "promoId": "128929736",
        "comparativePrice": {
          "pricePerUnit": 62,
          "unitQuantity": 100,
          "unitQuantityUom": "ml",
          "measureDescription": "100ml"
        }
      },
      "promotions": [
        {
          "promoId": "128929736",
          "rewardValue": 279,
          "decal": "6000",
          "sapType": "BASE",
          "rewardType": "NEW_PRICE",
          "threshold": 1,
          "limit": 0,
          "multiProducts": false,
          "cardDependencyFlag": false,
          "bestPromotion": true,
          "comparativePrice": {
            "pricePerUnit": 62,
            "unitQuantity": 100,
            "unitQuantityUom": "ml",
            "measureDescription": "100ml"
          }
        }
      ],
      "categoryTrees": [
        {
          "level0": "Kitchen, Dining & Household",
          "level1": "Cleaning Products",
          "level2": "Bathroom & Shower Cleaners"
        }
      ],
      "cateredFlag": false
    },
    {
      "productId": "5260049-EA-000",
      "brand": "Value",
      "name": "Flock Lined Rubber Gloves Medium",
      "displayName": "1pk",
      "availability": [
        "IN_STORE",
        "ONLINE"
      ],
      "saleType": "UNITS",
      "restrictedFlag": false,
      "liquorFlag": false,
      "tobaccoFlag": false,
      "originRegulated": false,
      "singlePrice": {
        "price": 199
      },
      "facets": [
        {
          "itemCode": "00020012",
          "itemDescription": "Non-GMO"
        }
      ],
      "categoryTrees": [
        {
          "level0": "Kitchen, Dining & Household",
          "level1": "Cleaning Products",
          "level2": "Cleaning Accessories"
        }
      ],
      "cateredFlag": false
    },
    {
      "productId": "5015230-EA-000",
      "brand": "Duck",
      "name": "Lime Toilet Fresh Discs",
      "displayName": "36ml",
      "availability": [
        "IN_STORE",
        "ONLINE"
      ],
      "saleType": "UNITS",
      "restrictedFlag": false,
      "liquorFlag": false,
      "tobaccoFlag": false,
      "originRegulated": false,
      "singlePrice": {
        "price": 479,
        "promoId": "128974108",
        "comparativePrice": {
          "pricePerUnit": 1331,
          "unitQuantity": 100,
          "unitQuantityUom": "ml",
          "measureDescription": "100ml"
        }
      },
      "promotions": [
        {
          "promoId": "128974108",
          "rewardValue": 479,
          "decal": "7000",
          "sapType": "BASE",
          "rewardType": "NEW_PRICE",
          "threshold": 1,
          "limit": 0,
          "multiProducts": false,
          "cardDependencyFlag": false,
          "bestPromotion": true,
          "comparativePrice": {
            "pricePerUnit": 1331,
            "unitQuantity": 100,
            "unitQuantityUom": "ml",
            "measureDescription": "100ml"
          }
        }
      ],
      "facets": [
        {
          "itemCode": "00020012",
          "itemDescription": "Non-GMO"
        }
      ],
      "categoryTrees": [
        {
          "level0": "Kitchen, Dining & Household",
          "level1": "Cleaning Products",
          "level2": "Bathroom & Shower Cleaners"
        }
      ],
      "cateredFlag": false
    },
    {
      "productId": "5236809-EA-000",
      "brand": "Duck",
      "name": "Limited Edition Fruity Blitz Toilet Fresh Discs",
      "displayName": "36ml",
      "availability": [
        "IN_STORE",
        "ONLINE"
      ],
      "saleType": "UNITS",
      "restrictedFlag": false,
      "liquorFlag": false,
      "tobaccoFlag": false,
      "originRegulated": false,
      "singlePrice": {
        "price": 479,
        "promoId": "128974108",
        "comparativePrice": {
          "pricePerUnit": 1331,
          "unitQuantity": 100,
          "unitQuantityUom": "ml",
          "measureDescription": "100ml"
        }
      },
      "promotions": [
        {
          "promoId": "128974108",
          "rewardValue": 479,
          "decal": "7000",
          "sapType": "BASE",
          "rewardType": "NEW_PRICE",
          "threshold": 1,
          "limit": 0,
          "multiProducts": false,
          "cardDependencyFlag": false,
          "bestPromotion": true,
          "comparativePrice": {
            "pricePerUnit": 1331,
            "unitQuantity": 100,
            "unitQuantityUom": "ml",
            "measureDescription": "100ml"
          }
        }
      ],
      "categoryTrees": [
        {
          "level0": "Kitchen, Dining & Household",
          "level1": "Cleaning Products",
          "level2": "Bathroom & Shower Cleaners"
        }
      ],
      "cateredFlag": false
    },
    {
      "productId": "5045274-EA-000",
      "brand": "Hot Wheels",
      "name": "Basic Cars Assorted",
      "displayName": "1pk",
      "availability": [
        "IN_STORE",
        "ONLINE"
      ],
      "saleType": "UNITS",
      "restrictedFlag": false,
      "liquorFlag": false,
      "tobaccoFlag": false,
      "originRegulated": false,
      "singlePrice": {
        "price": 399
      },
      "categoryTrees": [
        {
          "level0": "Kitchen, Dining & Household",
          "level1": "Stationery & Entertainment",
          "level2": "Toys & Recreation"
        }
      ],
      "cateredFlag": false
    },
    {
      "productId": "5018250-EA-000",
      "brand": "Ecostore",
      "name": "Lemon Dish Liquid",
      "displayName": "1l",
      "availability": [
        "IN_STORE",
        "ONLINE"
      ],
      "saleType": "UNITS",
      "restrictedFlag": false,
      "liquorFlag": false,
      "tobaccoFlag": false,
      "originRegulated": false,
      "singlePrice": {
        "price": 699,
        "promoId": "128977767",
        "comparativePrice": {
          "pricePerUnit": 70,
          "unitQuantity": 100,
          "unitQuantityUom": "ml",
          "measureDescription": "100ml"
        }
      },
      "promotions": [
        {
          "promoId": "128977767",
          "rewardValue": 699,
          "decal": "6000",
          "sapType": "BASE",
          "rewardType": "NEW_PRICE",
          "threshold": 1,
          "limit": 0,
          "multiProducts": false,
          "cardDependencyFlag": false,
          "bestPromotion": true,
          "comparativePrice": {
            "pricePerUnit": 70,
            "unitQuantity": 100,
            "unitQuantityUom": "ml",
            "measureDescription": "100ml"
          }
        }
      ],
      "facets": [
        {
          "itemCode": "00020013",
          "itemDescription": "Vegan"
        },
        {
          "itemCode": "00020012",
          "itemDescription": "Non-GMO"
        }
      ],
      "categoryTrees": [
        {
          "level0": "Kitchen, Dining & Household",
          "level1": "Cleaning Products",
          "level2": "Dishwashing Liquid"
        }
      ],
      "cateredFlag": false
    },
    {
      "productId": "5086477-EA-000",
      "brand": "Persil",
      "name": "Active Clean Laundry Powder",
      "displayName": "2kg",
      "availability": [
        "IN_STORE",
        "ONLINE"
      ],
      "saleType": "UNITS",
      "restrictedFlag": false,
      "liquorFlag": false,
      "tobaccoFlag": false,
      "originRegulated": false,
      "singlePrice": {
        "price": 1569,
        "comparativePrice": {
          "pricePerUnit": 78,
          "unitQuantity": 100,
          "unitQuantityUom": "g",
          "measureDescription": "100g"
        }
      },
      "facets": [
        {
          "itemCode": "00020012",
          "itemDescription": "Non-GMO"
        }
      ],
      "categoryTrees": [
        {
          "level0": "Kitchen, Dining & Household",
          "level1": "Laundry",
          "level2": "Laundry Powders"
        }
      ],
      "cateredFlag": false
    },
    {
      "productId": "5013728-EA-000",
      "brand": "Harpic",
      "name": "White & Shine in Toilet Cleaner",
      "displayName": "2 x 50g",
      "availability": [
        "IN_STORE",
        "ONLINE"
      ],
      "saleType": "UNITS",
      "restrictedFlag": false,
      "liquorFlag": false,
      "tobaccoFlag": false,
      "originRegulated": false,
      "singlePrice": {
        "price": 499,
        "promoId": "128929710",
        "comparativePrice": {
          "pricePerUnit": 499,
          "unitQuantity": 100,
          "unitQuantityUom": "g",
          "measureDescription": "100g"
        }
      },
      "promotions": [
        {
          "promoId": "128929710",
          "rewardValue": 499,
          "decal": "6000",
          "sapType": "BASE",
          "rewardType": "NEW_PRICE",
          "threshold": 1,
          "limit": 0,
          "multiProducts": false,
          "cardDependencyFlag": false,
          "bestPromotion": true,
          "comparativePrice": {
            "pricePerUnit": 499,
            "unitQuantity": 100,
            "unitQuantityUom": "g",
            "measureDescription": "100g"
          }
        }
      ],
      "categoryTrees": [
        {
          "level0": "Kitchen, Dining & Household",
          "level1": "Cleaning Products",
          "level2": "Bathroom & Shower Cleaners"
        }
      ],
      "cateredFlag": false
    },
    {
      "productId": "5006778-EA-000",
      "brand": "2 Degrees",
      "name": "Multi SIM Card",
      "displayName": "1pk",
      "availability": [
        "IN_STORE",
        "ONLINE"
      ],
      "saleType": "UNITS",
      "restrictedFlag": false,
      "liquorFlag": false,
      "tobaccoFlag": false,
      "originRegulated": false,
      "singlePrice": {
        "price": 100,
        "promoId": "128967309"
      },
      "promotions": [
        {
          "promoId": "128967309",
          "rewardValue": 100,
          "decal": "6000",
          "sapType": "BASE",
          "rewardType": "NEW_PRICE",
          "threshold": 1,
          "limit": 0,
          "multiProducts": false,
          "cardDependencyFlag": false,
          "bestPromotion": true
        }
      ],
      "categoryTrees": [
        {
          "level0": "Kitchen, Dining & Household",
          "level1": "Household",
          "level2": "Electrical"
        }
      ],
      "cateredFlag": false
    }
  ],
  "algoliaSearchResult": {
    "facets": {
      "brand": {
        "Pams": 95,
        "Value": 63,
        "Korbond": 59,
        "Effects": 57,
        "Energizer": 48,
        "Sistema": 36,
        "Air Wick": 34,
        "Philips": 33,
        "Bic": 28,
        "Glade": 27,
        "Harpic": 25,
        "Dettol": 24,
        "Persil": 24,
        "Finish": 23,
        "Mortein": 23,
        "Surv": 23,
        "Duck": 21,
        "Eveready": 20,
        "Chux": 18,
        "Homeliving": 18,
        "Kate's Kitchen": 17,
        "Vanish": 17,
        "Zuru": 17,
        "Surf": 15,
        "Botanica": 13,
        "Raid": 13,
        "Real Value": 13,
        "Best": 12,
        "The Gardener": 12,
        "Big Black Sacks": 11,
        "Earthwise": 11,
        "Ja-Ru": 11,
        "Mr Muscle": 11,
        "Warwick": 11,
        "Ajax": 10,
        "Ecostore": 10,
        "Sellotape": 10,
        "Snazzee": 10,
        "Wonderdryer": 10,
        "Easy-Off": 9,
        "Fix It Today": 9,
        "Fluffy": 9,
        "Jackson": 9,
        "Antares": 7,
        "Cussons Morning Fresh": 7,
        "Decor": 7,
        "Holdfast": 7,
        "Sorbent": 7,
        "Ansell": 6,
        "Cuddly": 6,
        "Filta": 6,
        "Jif": 6,
        "Paseo": 6,
        "Sabco": 6,
        "Samba": 6,
        "Spring Fresh": 6,
        "3M": 5,
        "Active": 5,
        "Gorilla": 5,
        "Janola": 5,
        "Ziploc": 5,
        "Fab": 4,
        "Footcare": 4,
        "Justsoundz": 4,
        "Pams Value": 4,
        "Rug Doctor": 4,
        "Sistema TO GO": 4,
        "TV Guide": 4,
        "Tuffy": 4,
        "Wiltshire": 4,
        "Atomic": 3,
        "Boomerang": 3,
        "Cleanery": 3,
        "Collins": 3,
        "Croxley": 3,
        "DampRid": 3,
        "Dixon": 3,
        "Fresha": 3,
        "Glad": 3,
        "Good Change": 3,
        "Happy Birthday": 3,
        "Hot Devil": 3,
        "Kleenex": 3,
        "Mattel": 3,
        "Mono": 3,
        "National Candle": 3,
        "New Idea": 3,
        "No Vac": 3,
        "Ozkleen": 3,
        "Palmolive": 3,
        "Pledge": 3,
        "Purex": 3,
        "Seymours": 3,
        "Smash": 3,
        "Squishmallows": 3,
        "30 Seconds": 2,
        "Armor All": 2,
        "Beehive": 2,
        "Black Flag": 2,
        "Brand Developers": 2
      },
      "category1NI": {
        "Household": 660,
        "Cleaning Products": 338,
        "Stationery & Entertainment": 196,
        "Laundry": 115,
        "Garage & Outdoor": 60,
        "Pams": 45,
        "Baby Care": 1,
        "Dairy & Eggs": 1
      },
      "onPromotion": {
        "21ecaaed-0749-4492-985e-4bb7ba43d59c": 233,
        "48dd98cc-a757-4102-b15d-ea82b4b10571": 194,
        "7d48a781-4f68-4c91-a908-8659e1b22f95": 190,
        "3c5e3145-0767-4066-9349-6c0a1313acc5": 185,
        "dbca5e00-f7f9-43ae-91de-031ad16f8a92": 182,
        "61dd754e-8525-4b9e-9e08-173389eea8a8": 175,
        "49037947-e450-49bf-ba1f-a94551c79a72": 172,
        "c3f9e1a3-fc34-452d-af2e-95349e666ba4": 171,
        "15e6f441-5c1c-4d25-b4ec-1adf918c49c7": 169,
        "b29a98bd-749c-489c-9eef-6aa38e66a29b": 168,
        "b92cc33f-b5a8-4b57-9b82-412946800020": 165,
        "e1925ea7-01bc-4358-ae7c-c6502da5ab12": 165,
        "90082979-fb9f-4305-9c72-83274fc438cc": 164,
        "2ed73be8-936d-4f35-9398-75a707f40a7b": 163,
        "5f167936-79ae-4f6a-b9d2-74afe1bb096b": 163,
        "b2e98a14-c8ca-401e-99ed-edf74570c6f6": 163,
        "d8032da3-c1b9-456e-b626-41ce21f8c67b": 161,
        "5cf0392f-c187-4fc4-a463-eb269d2e8f45": 160,
        "c180a72d-5dbe-4403-b7c7-91655e505492": 160,
        "3bb30799-82ce-4648-8c02-5113228963ed": 157,
        "4a279605-eaa8-470d-bcd4-0a9e3c9ab43b": 155,
        "d6d39eea-889d-4e20-923c-55cab225cf7f": 155,
        "1c388d5e-29ac-4956-b476-cb3431353d2e": 154,
        "715f0e22-95e0-45ce-af3a-07057209976e": 154,
        "01a114de-149c-4f5f-80a1-90cc63f69c6e": 152,
        "be4c4780-218e-425a-a90f-63e21773572b": 150,
        "8cd700ae-d96f-4761-bd7a-805d6b93536d": 149,
        "3404c253-577f-45ca-b301-c98312e46efb": 148,
        "64eab5b1-8d79-45f4-94f1-02b8cf8b6202": 147,
        "8f0d70be-5cb7-464b-99cb-8b0130671895": 146,
        "b39562a4-2b72-43fe-b9ba-eda1d651ad0b": 145,
        "65defcf2-bc15-490e-a84f-1f13b769cd22": 144,
        "6c73764e-b8e6-4e55-ad37-f6a9d207da1f": 144,
        "a7d09522-bee2-41e4-8fe0-0b82b7f342f5": 144,
        "6e6809dd-01bc-45c9-aab1-f01ccd8338b0": 142,
        "714431ab-6e39-4df6-ac77-cfc5c1e25bc8": 139,
        "c2204dae-579e-4b6b-9d42-2e13ceaa6031": 137,
        "33d8d6fc-861a-45ff-9937-5ccdb55eaede": 136,
        "3bfe040b-f0c9-45e0-949b-b9ad5a591d55": 136,
        "60561e46-ece7-43a7-b142-9b14812586e4": 135,
        "d1cd1fdd-8767-46a6-a8d3-c3e0632c2dc8": 135,
        "af385423-d0f1-41f0-9482-ffd10b745143": 134,
        "529d66cc-60e3-432e-b8d1-efc9f2ec4919": 131,
        "98ec3885-ac93-4fcb-807b-59c9055c52c4": 130,
        "92086ded-a55d-4241-a364-7d7ea91531b4": 128,
        "3e82142c-78dc-46f3-82ec-28e65fcf84c9": 127,
        "4fcc1c8e-cc5e-4675-ba25-5e56b579cf69": 127,
        "94ef1985-cab1-4b39-a2f3-230120f03c16": 127,
        "50b1216b-d066-4457-b88b-9bccf97bf6d3": 126,
        "6cda96e1-7d29-44a6-956b-3fcfdecc8184": 120,
        "53989945-1a28-481d-a61c-d6f75f760ada": 114,
        "c0f80e87-16be-4488-9553-da437e8c6c2a": 104,
        "9cd8eb60-3222-4efc-bd7c-50e03e6a81a4": 100,
        "b83029b6-5dd5-449e-8056-26f3943a4e18": 82,
        "076e8177-943b-41fc-a885-ba3d28297acf": 66
      },
      "productFacets": {
        "Non-GMO": 183,
        "Dairy Free": 20,
        "Vegan": 7,
        "Organic": 1
      }
    }
  },
  "totalHits": 1000,
  "page": 3,
  "totalPages": 20,
  "hitsPerPage": 50
}
