{
  "tobaccoProducts": false,
  "products": [
    {
      "productId": "5015003-EA-000",
      "brand": "Huggies",
      "name": "Ultra Dry Nappies For Girls Size 3 6-11kg",
      "displayName": "44pk",
      "availability": [
        "IN_STORE",
        "ONLINE"
      ],
      "saleType": "UNITS",
      "restrictedFlag": false,
      "liquorFlag": false,
      "tobaccoFlag": false,
      "originRegulated": false,
      "singlePrice": {
        "price": 1699,
        "promoId": "129016704",
        "comparativePrice": {
          "pricePerUnit": 39,
          "unitQuantity": 1,
          "unitQuantityUom": "ea",
          "measureDescription": "ea"
        }
      },
      "promotions": [
        {
          "promoId": "129016704",
          "rewardValue": 1699,
          "decal": "6000",
          "sapType": "BASE",
          "rewardType": "NEW_PRICE",
          "threshold": 1,
          "limit": 0,
          "multiProducts": false,
          "cardDependencyFlag": false,
          "bestPromotion": true,
          "comparativePrice": {
            "pricePerUnit": 39,
            "unitQuantity": 1,
            "unitQuantityUom": "ea",
            "measureDescription": "ea"
          }
        }
      ],
      "categoryTrees": [
        {
          "level0": "Baby, Toddler & Kids",
          "level1": "Baby Care",
          "level2": "Nappies & Changing"
        }
      ],
      "cateredFlag": false
    },
    {
      "productId": "5028533-EA-000",
      "brand": "Baby Mum-Mum",
      "name": "Original Premium Rice Rusks",
      "displayName": "18 x 36g",
      "availability": [
        "IN_STORE",
        "ONLINE"
      ],
      "saleType": "UNITS",
      "restrictedFlag": false,
      "liquorFlag": false,
      "tobaccoFlag": false,
      "originRegulated": false,
      "singlePrice": {
        "price": 329,
        "comparativePrice": {
          "pricePerUnit": 51,
          "unitQuantity": 100,
          "unitQuantityUom": "g",
          "measureDescription": "100g"
        }
      },
      "facets": [
        {
          "itemCode": "00020007",
          "itemDescription": "Dairy Free"
        }
      ],
      "categoryTrees": [
        {
          "level0": "Baby, Toddler & Kids",
          "level1": "Baby Care",
          "level2": "Baby Formula & Toddler Food"
        }
      ],
      "cateredFlag": false
    },
    {
      "productId": "5274233-EA-000",
      "brand": "S-26",
      "name": "Gold 2 Follow On Stage 2 Premium Follow On Formula Can",
      "displayName": "850g",
      "availability": [
        "IN_STORE",
        "ONLINE"
      ],
      "saleType": "UNITS",
      "restrictedFlag": false,
      "liquorFlag": false,
      "tobaccoFlag": false,
      "originRegulated": false,
      "singlePrice": {
        "price": 2949,
        "comparativePrice": {
          "pricePerUnit": 347,
          "unitQuantity": 100,
          "unitQuantityUom": "g",
          "measureDescription": "100g"
        }
      },
      "categoryTrees": [
        {
          "level0": "Baby, Toddler & Kids",
          "level1": "Baby Care",
          "level2": "Baby Formula & Toddler Food"
        }
      ],
      "cateredFlag": false
    },
    {
      "productId": "5025360-EA-000",
      "brand": "Johnson's",
      "name": "Aloe Vera & Vitamin E Baby Oil",
      "displayName": "500ml",
      "availability": [
        "IN_STORE",
        "ONLINE"
      ],
      "saleType": "UNITS",
      "restrictedFlag": false,
      "liquorFlag": false,
      "tobaccoFlag": false,
      "originRegulated": false,
      "singlePrice": {
        "price": 1169,
        "comparativePrice": {
          "pricePerUnit": 234,
          "unitQuantity": 100,
          "unitQuantityUom": "ml",
          "measureDescription": "100ml"
        }
      },
      "facets": [
        {
          "itemCode": "00020012",
          "itemDescription": "Non-GMO"
        }
      ],
      "categoryTrees": [
        {
          "level0": "Baby, Toddler & Kids",
          "level1": "Baby Care",
          "level2": "Baby Bathing & Skin Care"
        }
      ],
      "cateredFlag": false
    },
    {
      "productId": "5026382-EA-000",
      "brand": "Funtime",
      "name": "Aqua Splash Bubble Bath",
      "displayName": "1l",
      "availability": [
        "IN_STORE",
        "ONLINE"
      ],
      "saleType": "UNITS",
      "restrictedFlag": false,
      "liquorFlag": false,
      "tobaccoFlag": false,
      "originRegulated": false,
      "singlePrice": {
        "price": 629,
        "comparativePrice": {
          "pricePerUnit": 63,
          "unitQuantity": 100,
          "unitQuantityUom": "ml",
          "measureDescription": "100ml"
        }
      },
      "categoryTrees": [
        {
          "level0": "Baby, Toddler & Kids",
          "level1": "Baby Care",
          "level2": "Baby Bathing & Skin Care"
        }
      ],
      "cateredFlag": false
    },
    {
      "productId": "5283526-EA-000",
      "brand": "Karicare",
      "name": "Gold Plus+ A2 Protein Milk 1 Baby Infant Formula From Birth to 6 Months",
      "displayName": "900g",
      "availability": [
        "IN_STORE",
        "ONLINE"
      ],
      "saleType": "UNITS",
      "restrictedFlag": false,
      "liquorFlag": false,
      "tobaccoFlag": false,
      "originRegulated": false,
      "singlePrice": {
        "price": 2919,
        "comparativePrice": {
          "pricePerUnit": 324,
          "unitQuantity": 100,
          "unitQuantityUom": "g",
          "measureDescription": "100g"
        }
      },
      "facets": [
        {
          "itemCode": "00020012",
          "itemDescription": "Non-GMO"
        }
      ],
      "categoryTrees": [
        {
          "level0": "Baby, Toddler & Kids",
          "level1": "Baby Care",
          "level2": "Baby Formula & Toddler Food"
        }
      ],
      "cateredFlag": false
    },
    {
      "productId": "5016203-EA-000",
      "brand": "Huggies",
      "name": "Nappies Newborn Size 1 Up to 5kg",
      "displayName": "54pk",
      "availability": [
        "IN_STORE",
        "ONLINE"
      ],
      "saleType": "UNITS",
      "restrictedFlag": false,
      "liquorFlag": false,
      "tobaccoFlag": false,
      "originRegulated": false,
      "singlePrice": {
        "price": 1699,
        "promoId": "129016704",
        "comparativePrice": {
          "pricePerUnit": 31,
          "unitQuantity": 1,
          "unitQuantityUom": "ea",
          "measureDescription": "ea"
        }
      },
      "promotions": [
        {
          "promoId": "129016704",
          "rewardValue": 1699,
          "decal": "6000",
          "sapType": "BASE",
          "rewardType": "NEW_PRICE",
          "threshold": 1,
          "limit": 0,
          "multiProducts": false,
          "cardDependencyFlag": false,
          "bestPromotion": true,
          "comparativePrice": {
            "pricePerUnit": 31,
            "unitQuantity": 1,
            "unitQuantityUom": "ea",
            "measureDescription": "ea"
          }
        }
      ],
      "categoryTrees": [
        {
          "level0": "Baby, Toddler & Kids",
          "level1": "Baby Care",
          "level2": "Nappies & Changing"
        }
      ],
      "cateredFlag": false
    },
    {
      "productId": "5209025-EA-000",
      "brand": "Rafferty's Garden",
      "name": "Apple & Raspberry Snack Bars 12+ Months",
      "displayName": "128g",
      "availability": [
        "IN_STORE",
        "ONLINE"
      ],
      "saleType": "UNITS",
      "restrictedFlag": false,
      "liquorFlag": false,
      "tobaccoFlag": false,
      "originRegulated": false,
      "singlePrice": {
        "price": 609,
        "comparativePrice": {
          "pricePerUnit": 476,
          "unitQuantity": 100,
          "unitQuantityUom": "g",
          "measureDescription": "100g"
        }
      },
      "facets": [
        {
          "itemCode": "00020012",
          "itemDescription": "Non-GMO"
        }
      ],
      "categoryTrees": [
        {
          "level0": "Baby, Toddler & Kids",
          "level1": "Baby Care",
          "level2": "Baby Formula & Toddler Food"
        }
      ],
      "cateredFlag": false
    },
    {
      "productId": "5248145-EA-000",
      "brand": "Huggies",
      "name": "Ultra Dry Nappy Pants For Girls Size 4 9-14kg",
      "displayName": "34pk",
      "availability": [
        "IN_STORE",
        "ONLINE"
      ],
      "saleType": "UNITS",
      "restrictedFlag": false,
      "liquorFlag": false,
      "tobaccoFlag": false,
      "originRegulated": false,
      "singlePrice": {
        "price": 1699,
        "promoId": "129016705",
        "comparativePrice": {
          "pricePerUnit": 50,
          "unitQuantity": 1,
          "unitQuantityUom": "ea",
          "measureDescription": "ea"
        }
      },
      "promotions": [
        {
          "promoId": "129016705",
          "rewardValue": 1699,
          "decal": "6000",
          "sapType": "BASE",
          "rewardType": "NEW_PRICE",
          "threshold": 1,
          "limit": 0,
          "multiProducts": false,
          "cardDependencyFlag": false,
          "bestPromotion": true,
          "comparativePrice": {
            "pricePerUnit": 50,
            "unitQuantity": 1,
            "unitQuantityUom": "ea",
            "measureDescription": "ea"
          }
        }
      ],
      "categoryTrees": [
        {
          "level0": "Baby, Toddler & Kids",
          "level1": "Baby Care",
          "level2": "Nappies & Changing"
        }
      ],
      "cateredFlag": false
    },
    {
      "productId": "5083634-EA-000",
      "brand": "Huggies",
      "name": "Ultra Dry Nappies For Boys Size 6 16kg+",
      "displayName": "14pk",
      "availability": [
        "IN_STORE",
        "ONLINE"
      ],
      "saleType": "UNITS",
      "restrictedFlag": false,
      "liquorFlag": false,
      "tobaccoFlag": false,
      "originRegulated": false,
      "singlePrice": {
        "price": 1249,
        "promoId": "128823343",
        "comparativePrice": {
          "pricePerUnit": 89,
          "unitQuantity": 1,
          "unitQuantityUom": "ea",
          "measureDescription": "ea"
        }
      },
      "promotions": [
        {
          "promoId": "128823343",
          "rewardValue": 1249,
          "decal": "7000",
          "sapType": "BASE",
          "rewardType": "NEW_PRICE",
          "threshold": 1,
          "limit": 0,
          "multiProducts": false,
          "cardDependencyFlag": false,
          "bestPromotion": true,
          "comparativePrice": {
            "pricePerUnit": 89,
            "unitQuantity": 1,
            "unitQuantityUom": "ea",
            "measureDescription": "ea"
          }
        }
      ],
      "categoryTrees": [
        {
          "level0": "Baby, Toddler & Kids",
          "level1": "Baby Care",
          "level2": "Nappies & Changing"
        }
      ],
      "cateredFlag": false
    },
    {
      "productId": "5248143-EA-000",
      "brand": "Huggies",
      "name": "Ultra Dry Nappy Pants For Boys Size 4 9-14kg",
      "displayName": "34pk",
      "availability": [
        "IN_STORE",
        "ONLINE"
      ],
      "saleType": "UNITS",
      "restrictedFlag": false,
      "liquorFlag": false,
      "tobaccoFlag": false,
      "originRegulated": false,
      "singlePrice": {
        "price": 1699,
        "promoId": "129016705",
        "comparativePrice": {
          "pricePerUnit": 50,
          "unitQuantity": 1,
          "unitQuantityUom": "ea",
          "measureDescription": "ea"
        }
      },
      "promotions": [
        {
          "promoId": "129016705",
          "rewardValue": 1699,
          "decal": "6000",
          "sapType": "BASE",
          "rewardType": "NEW_PRICE",
          "threshold": 1,
          "limit": 0,
          "multiProducts": false,
          "cardDependencyFlag": false,
          "bestPromotion": true,
          "comparativePrice": {
            "pricePerUnit": 50,
            "unitQuantity": 1,
            "unitQuantityUom": "ea",
            "measureDescription": "ea"
          }
        }
      ],
      "categoryTrees": [
        {
          "level0": "Baby, Toddler & Kids",
          "level1": "Baby Care",
          "level2": "Nappies & Changing"
        }
      ],
      "cateredFlag": false
    },
    {
      "productId": "5001456-EA-000",
      "brand": "Johnson's",
      "name": "Baby Soap Twin Pack",
      "displayName": "2 x 95g",
      "availability": [
        "IN_STORE",
        "ONLINE"
      ],
      "saleType": "UNITS",
      "restrictedFlag": false,
      "liquorFlag": false,
      "tobaccoFlag": false,
      "originRegulated": false,
      "singlePrice": {
        "price": 409,
        "comparativePrice": {
          "pricePerUnit": 215,
          "unitQuantity": 100,
          "unitQuantityUom": "g",
          "measureDescription": "100g"
        }
      },
      "facets": [
        {
          "itemCode": "00020012",
          "itemDescription": "Non-GMO"
        }
      ],
      "categoryTrees": [
        {
          "level0": "Baby, Toddler & Kids",
          "level1": "Baby Care",
          "level2": "Baby Bathing & Skin Care"
        }
      ],
      "cateredFlag": false
    },
    {
      "productId": "5229724-EA-000",
      "brand": "Huggies",
      "name": "Ultra Dry Nappy Pants For Boys Size 5 12-17kg",
      "displayName": "18pk",
      "availability": [
        "IN_STORE",
        "ONLINE"
      ],
      "saleType": "UNITS",
      "restrictedFlag": false,
      "liquorFlag": false,
      "tobaccoFlag": false,
      "originRegulated": false,
      "singlePrice": {
        "price": 1249,
        "promoId": "128823345",
        "comparativePrice": {
          "pricePerUnit": 69,
          "unitQuantity": 1,
          "unitQuantityUom": "ea",
          "measureDescription": "ea"
        }
      },
      "promotions": [
        {
          "promoId": "128823345",
          "rewardValue": 1249,
          "decal": "7000",
          "sapType": "BASE",
          "rewardType": "NEW_PRICE",
          "threshold": 1,
          "limit": 0,
          "multiProducts": false,
          "cardDependencyFlag": false,
          "bestPromotion": true,
          "comparativePrice": {
            "pricePerUnit": 69,
            "unitQuantity": 1,
            "unitQuantityUom": "ea",
            "measureDescription": "ea"
          }
        }
      ],
      "categoryTrees": [
        {
          "level0": "Baby, Toddler & Kids",
          "level1": "Baby Care",
          "level2": "Nappies & Changing"
        }
      ],
      "cateredFlag": false
    },
    {
      "productId": "5229811-EA-000",
      "brand": "Huggies",
      "name": "Ultra Dry Nappy Pant For Girls Size 5 12-17kg",
      "displayName": "18pk",
      "availability": [
        "IN_STORE",
        "ONLINE"
      ],
      "saleType": "UNITS",
      "restrictedFlag": false,
      "liquorFlag": false,
      "tobaccoFlag": false,
      "originRegulated": false,
      "singlePrice": {
        "price": 1249,
        "promoId": "128823345",
        "comparativePrice": {
          "pricePerUnit": 69,
          "unitQuantity": 1,
          "unitQuantityUom": "ea",
          "measureDescription": "ea"
        }
      },
      "promotions": [
        {
          "promoId": "128823345",
          "rewardValue": 1249,
          "decal": "7000",
          "sapType": "BASE",
          "rewardType": "NEW_PRICE",
          "threshold": 1,
          "limit": 0,
          "multiProducts": false,
          "cardDependencyFlag": false,
          "bestPromotion": true,
          "comparativePrice": {
            "pricePerUnit": 69,
            "unitQuantity": 1,
            "unitQuantityUom": "ea",
            "measureDescription": "ea"
          }
        }
      ],
      "categoryTrees": [
        {
          "level0": "Baby, Toddler & Kids",
          "level1": "Baby Care",
          "level2": "Nappies & Changing"
        }
      ],
      "cateredFlag": false
    },
    {
      "productId": "5233709-EA-000",
      "brand": "Rascals",
      "name": "Premium Nappy Pants Unisex Size 3 6-11kg Crawler",
      "displayName": "36pk",
      "availability": [
        "IN_STORE",
        "ONLINE"
      ],
      "saleType": "UNITS",
      "restrictedFlag": false,
      "liquorFlag": false,
      "tobaccoFlag": false,
      "originRegulated": false,
      "singlePrice": {
        "price": 1799,
        "comparativePrice": {
          "pricePerUnit": 50,
          "unitQuantity": 1,
          "unitQuantityUom": "ea",
          "measureDescription": "ea"
        }
      },
      "facets": [
        {
          "itemCode": "00020007",
          "itemDescription": "Dairy Free"
        },
        {
          "itemCode": "00020012",
          "itemDescription": "Non-GMO"
        }
      ],
      "categoryTrees": [
        {
          "level0": "Baby, Toddler & Kids",
          "level1": "Baby Care",
          "level2": "Nappies & Changing"
        }
      ],
      "cateredFlag": false
    },
    {
      "productId": "5007649-EA-000",
      "brand": "Heinz",
      "name": "Nurture Original Infant Formula From Birth",
      "displayName": "900g",
      "availability": [
        "IN_STORE",
        "ONLINE"
      ],
      "saleType": "UNITS",
      "restrictedFlag": false,
      "liquorFlag": false,
      "tobaccoFlag": false,
      "originRegulated": false,
      "singlePrice": {
        "price": 1949,
        "comparativePrice": {
          "pricePerUnit": 217,
          "unitQuantity": 100,
          "unitQuantityUom": "g",
          "measureDescription": "100g"
        }
      },
      "facets": [
        {
          "itemCode": "00020012",
          "itemDescription": "Non-GMO"
        },
        {
          "itemCode": "00020002",
          "itemDescription": "Halal"
        }
      ],
      "categoryTrees": [
        {
          "level0": "Baby, Toddler & Kids",
          "level1": "Baby Care",
          "level2": "Baby Formula & Toddler Food"
        }
      ],
      "cateredFlag": false
    },
    {
      "productId": "5233688-EA-000",
      "brand": "Rascals",
      "name": "Premium Nappies Unisex Size 2 4-8kg Infant",
      "displayName": "96pk",
      "availability": [
        "IN_STORE",
        "ONLINE"
      ],
      "saleType": "UNITS",
      "restrictedFlag": false,
      "liquorFlag": false,
      "tobaccoFlag": false,
      "originRegulated": false,
      "singlePrice": {
        "price": 3599,
        "comparativePrice": {
          "pricePerUnit": 37,
          "unitQuantity": 1,
          "unitQuantityUom": "ea",
          "measureDescription": "ea"
        }
      },
      "facets": [
        {
          "itemCode": "00020012",
          "itemDescription": "Non-GMO"
        }
      ],
      "categoryTrees": [
        {
          "level0": "Baby, Toddler & Kids",
          "level1": "Baby Care",
          "level2": "Nappies & Changing"
        }
      ],
      "cateredFlag": false
    },
    {
      "productId": "5213956-EA-000",
      "brand": "Rascals",
      "name": "Premium Nappies Unisex  Size 2 4-8kg Infant",
      "displayName": "48pk",
      "availability": [
        "IN_STORE",
        "ONLINE"
      ],
      "saleType": "UNITS",
      "restrictedFlag": false,
      "liquorFlag": false,
      "tobaccoFlag": false,
      "originRegulated": false,
      "singlePrice": {
        "price": 1799,
        "comparativePrice": {
          "pricePerUnit": 37,
          "unitQuantity": 1,
          "unitQuantityUom": "ea",
          "measureDescription": "ea"
        }
      },
      "facets": [
        {
          "itemCode": "00020012",
          "itemDescription": "Non-GMO"
        }
      ],
      "categoryTrees": [
        {
          "level0": "Baby, Toddler & Kids",
          "level1": "Baby Care",
          "level2": "Nappies & Changing"
        }
      ],
      "cateredFlag": false
    },
    {
      "productId": "5007599-EA-000",
      "brand": "Karicare",
      "name": "Soy Baby Infant Formula From Birth to 12 Months",
      "displayName": "900g",
      "availability": [
        "IN_STORE",
        "ONLINE"
      ],
      "saleType": "UNITS",
      "restrictedFlag": false,
      "liquorFlag": false,
      "tobaccoFlag": false,
      "originRegulated": false,
      "singlePrice": {
        "price": 2599,
        "comparativePrice": {
          "pricePerUnit": 289,
          "unitQuantity": 100,
          "unitQuantityUom": "g",
          "measureDescription": "100g"
        }
      },
      "facets": [
        {
          "itemCode": "00020012",
          "itemDescription": "Non-GMO"
        },
        {
          "itemCode": "00020007",
          "itemDescription": "Dairy Free"
        }
      ],
      "categoryTrees": [
        {
          "level0": "Baby, Toddler & Kids",
          "level1": "Baby Care",
          "level2": "Baby Formula & Toddler Food"
        }
      ],
      "cateredFlag": false
    },
    {
      "productId": "5213961-EA-000",
      "brand": "Rascals",
      "name": "Premium Nappies Unisex Size 3 6-11kg Crawler",
      "displayName": "20pk",
      "availability": [
        "IN_STORE",
        "ONLINE"
      ],
      "saleType": "UNITS",
      "restrictedFlag": false,
      "liquorFlag": false,
      "tobaccoFlag": false,
      "originRegulated": false,
      "singlePrice": {
        "price": 799,
        "promoId": "128923340",
        "comparativePrice": {
          "pricePerUnit": 40,
          "unitQuantity": 1,
          "unitQuantityUom": "ea",
          "measureDescription": "ea"
        }
      },
      "promotions": [
        {
          "promoId": "128923340",
          "rewardValue": 799,
          "decal": "6000",
          "sapType": "BASE",
          "rewardType": "NEW_PRICE",
          "threshold": 1,
          "limit": 0,
          "multiProducts": false,
          "cardDependencyFlag": false,
          "bestPromotion": true,
          "comparativePrice": {
            "pricePerUnit": 40,
            "unitQuantity": 1,
            "unitQuantityUom": "ea",
            "measureDescription": "ea"
          }
        }
      ],
      "facets": [
        {
          "itemCode": "00020012",
          "itemDescription": "Non-GMO"
        }
      ],
      "categoryTrees": [
        {
          "level0": "Baby, Toddler & Kids",
          "level1": "Baby Care",
          "level2": "Nappies & Changing"
        }
      ],
      "cateredFlag": false
    },
    {
      "productId": "5038752-EA-000",
      "brand": "Johnson's",
      "name": "Milk + Rice Baby Bath",
      "displayName": "500ml",
      "availability": [
        "IN_STORE",
        "ONLINE"
      ],
      "saleType": "UNITS",
      "restrictedFlag": false,
      "liquorFlag": false,
      "tobaccoFlag": false,
      "originRegulated": false,
      "singlePrice": {
        "price": 1169,
        "comparativePrice": {
          "pricePerUnit": 234,
          "unitQuantity": 100,
          "unitQuantityUom": "ml",
          "measureDescription": "100ml"
        }
      },
      "facets": [
        {
          "itemCode": "00020012",
          "itemDescription": "Non-GMO"
        }
      ],
      "categoryTrees": [
        {
          "level0": "Baby, Toddler & Kids",
          "level1": "Baby Care",
          "level2": "Baby Bathing & Skin Care"
        }
      ],
      "cateredFlag": false
    },
    {
      "productId": "5014305-EA-000",
      "brand": "Bepanthen",
      "name": "Nappy Rash Fragrance Free Ointment",
      "displayName": "100g",
      "availability": [
        "IN_STORE",
        "ONLINE"
      ],
      "saleType": "UNITS",
      "restrictedFlag": false,
      "liquorFlag": false,
      "tobaccoFlag": false,
      "originRegulated": false,
      "singlePrice": {
        "price": 1899,
        "comparativePrice": {
          "pricePerUnit": 1899,
          "unitQuantity": 100,
          "unitQuantityUom": "g",
          "measureDescription": "100g"
        }
      },
      "categoryTrees": [
        {
          "level0": "Baby, Toddler & Kids",
          "level1": "Baby Care",
          "level2": "Nappies & Changing"
        }
      ],
      "cateredFlag": false
    },
    {
      "productId": "5032565-EA-000",
      "brand": "Nuby",
      "name": "Printed Bottle",
      "displayName": "240ml",
      "availability": [
        "IN_STORE",
        "ONLINE"
      ],
      "saleType": "UNITS",
      "restrictedFlag": false,
      "liquorFlag": false,
      "tobaccoFlag": false,
      "originRegulated": false,
      "singlePrice": {
        "price": 335,
        "promoId": "128942981"
      },
      "promotions": [
        {
          "promoId": "128942981",
          "rewardValue": 335,
          "decal": "6000",
          "sapType": "BASE",
          "rewardType": "NEW_PRICE",
          "threshold": 1,
          "limit": 0,
          "multiProducts": false,
          "cardDependencyFlag": false,
          "bestPromotion": true
        }
      ],
      "categoryTrees": [
        {
          "level0": "Baby, Toddler & Kids",
          "level1": "Baby Care",
          "level2": "Nursing & Feeding"
        }
      ],
      "cateredFlag": false
    },
    {
      "productId": "5083635-EA-000",
      "brand": "Huggies",
      "name": "Ultra Dry Nappies For Girls Size 6 16kg+",
      "displayName": "14pk",
      "availability": [
        "IN_STORE",
        "ONLINE"
      ],
      "saleType": "UNITS",
      "restrictedFlag": false,
      "liquorFlag": false,
      "tobaccoFlag": false,
      "originRegulated": false,
      "singlePrice": {
        "price": 1249,
        "promoId": "128823343",
        "comparativePrice": {
          "pricePerUnit": 89,
          "unitQuantity": 1,
          "unitQuantityUom": "ea",
          "measureDescription": "ea"
        }
      },
      "promotions": [
        {
          "promoId": "128823343",
          "rewardValue": 1249,
          "decal": "7000",
          "sapType": "BASE",
          "rewardType": "NEW_PRICE",
          "threshold": 1,
          "limit": 0,
          "multiProducts": false,
          "cardDependencyFlag": false,
          "bestPromotion": true,
          "comparativePrice": {
            "pricePerUnit": 89,
            "unitQuantity": 1,
            "unitQuantityUom": "ea",
            "measureDescription": "ea"
          }
        }
      ],
      "categoryTrees": [
        {
          "level0": "Baby, Toddler & Kids",
          "level1": "Baby Care",
          "level2": "Nappies & Changing"
        }
      ],
      "cateredFlag": false
    },
    {
      "productId": "5215185-EA-000",
      "brand": "Aveeno",
      "name": "Baby  Daily Moisture Wash & Shampoo",
      "displayName": "532ml",
      "availability": [
        "IN_STORE",
        "ONLINE"
      ],
      "saleType": "UNITS",
      "restrictedFlag": false,
      "liquorFlag": false,
      "tobaccoFlag": false,
      "originRegulated": false,
      "singlePrice": {
        "price": 1799,
        "promoId": "128929500",
        "comparativePrice": {
          "pricePerUnit": 338,
          "unitQuantity": 100,
          "unitQuantityUom": "ml",
          "measureDescription": "100ml"
        }
      },
      "promotions": [
        {
          "promoId": "128929500",
          "rewardValue": 1799,
          "decal": "6000",
          "sapType": "BASE",
          "rewardType": "NEW_PRICE",
          "threshold": 1,
          "limit": 0,
          "multiProducts": false,
          "cardDependencyFlag": false,
          "bestPromotion": true,
          "comparativePrice": {
            "pricePerUnit": 338,
            "unitQuantity": 100,
            "unitQuantityUom": "ml",
            "measureDescription": "100ml"
          }
        }
      ],
      "facets": [
        {
          "itemCode": "00020012",
          "itemDescription": "Non-GMO"
        }
      ],
      "categoryTrees": [
        {
          "level0": "Baby, Toddler & Kids",
          "level1": "Baby Care",
          "level2": "Baby Bathing & Skin Care"
        }
      ],
      "cateredFlag": false
    },
    {
      "productId": "5027033-EA-000",
      "brand": "Aptamil",
      "name": "Gold+ Reflux Baby Infant Formula Regurgitation or Mild Reflux From Birth to 12 Months",
      "displayName": "900g",
      "availability": [
        "IN_STORE",
        "ONLINE"
      ],
      "saleType": "UNITS",
      "restrictedFlag": false,
      "liquorFlag": false,
      "tobaccoFlag": false,
      "originRegulated": false,
      "singlePrice": {
        "price": 2759,
        "comparativePrice": {
          "pricePerUnit": 307,
          "unitQuantity": 100,
          "unitQuantityUom": "g",
          "measureDescription": "100g"
        }
      },
      "facets": [
        {
          "itemCode": "00020012",
          "itemDescription": "Non-GMO"
        }
      ],
      "categoryTrees": [
        {
          "level0": "Baby, Toddler & Kids",
          "level1": "Baby Care",
          "level2": "Baby Formula & Toddler Food"
        }
      ],
      "cateredFlag": false
    },
    {
      "productId": "5083632-EA-000",
      "brand": "Huggies",
      "name": "Ultra Dry Nappies For Boys Size 5 13-18kg",
      "displayName": "16pk",
      "availability": [
        "IN_STORE",
        "ONLINE"
      ],
      "saleType": "UNITS",
      "restrictedFlag": false,
      "liquorFlag": false,
      "tobaccoFlag": false,
      "originRegulated": false,
      "singlePrice": {
        "price": 1249,
        "promoId": "128823343",
        "comparativePrice": {
          "pricePerUnit": 78,
          "unitQuantity": 1,
          "unitQuantityUom": "ea",
          "measureDescription": "ea"
        }
      },
      "promotions": [
        {
          "promoId": "128823343",
          "rewardValue": 1249,
          "decal": "7000",
          "sapType": "BASE",
          "rewardType": "NEW_PRICE",
          "threshold": 1,
          "limit": 0,
          "multiProducts": false,
          "cardDependencyFlag": false,
          "bestPromotion": true,
          "comparativePrice": {
            "pricePerUnit": 78,
            "unitQuantity": 1,
            "unitQuantityUom": "ea",
            "measureDescription": "ea"
          }
        }
      ],
      "categoryTrees": [
        {
          "level0": "Baby, Toddler & Kids",
          "level1": "Baby Care",
          "level2": "Nappies & Changing"
        }
      ],
      "cateredFlag": false
    },
    {
      "productId": "5007138-EA-000",
      "brand": "Johnson's",
      "name": "Baby Shampoo",
      "displayName": "200ml",
      "availability": [
        "IN_STORE",
        "ONLINE"
      ],
      "saleType": "UNITS",
      "restrictedFlag": false,
      "liquorFlag": false,
      "tobaccoFlag": false,
      "originRegulated": false,
      "singlePrice": {
        "price": 569,
        "comparativePrice": {
          "pricePerUnit": 285,
          "unitQuantity": 100,
          "unitQuantityUom": "ml",
          "measureDescription": "100ml"
        }
      },
      "facets": [
        {
          "itemCode": "00020012",
          "itemDescription": "Non-GMO"
        }
      ],
      "categoryTrees": [
        {
          "level0": "Baby, Toddler & Kids",
          "level1": "Baby Care",
          "level2": "Baby Hair Care"
        },
        {
          "level0": "Baby, Toddler & Kids",
          "level1": "Baby Care",
          "level2": "Baby Bathing & Skin Care"
        }
      ],
      "cateredFlag": false
    },
    {
      "productId": "5083625-EA-000",
      "brand": "Huggies",
      "name": "Nappies Newborn Size 1 Up To 5kg",
      "displayName": "28pk",
      "availability": [
        "IN_STORE",
        "ONLINE"
      ],
      "saleType": "UNITS",
      "restrictedFlag": false,
      "liquorFlag": false,
      "tobaccoFlag": false,
      "originRegulated": false,
      "singlePrice": {
        "price": 1249,
        "promoId": "128823343",
        "comparativePrice": {
          "pricePerUnit": 45,
          "unitQuantity": 1,
          "unitQuantityUom": "ea",
          "measureDescription": "ea"
        }
      },
      "promotions": [
        {
          "promoId": "128823343",
          "rewardValue": 1249,
          "decal": "7000",
          "sapType": "BASE",
          "rewardType": "NEW_PRICE",
          "threshold": 1,
          "limit": 0,
          "multiProducts": false,
          "cardDependencyFlag": false,
          "bestPromotion": true,
          "comparativePrice": {
            "pricePerUnit": 45,
            "unitQuantity": 1,
            "unitQuantityUom": "ea",
            "measureDescription": "ea"
          }
        }
      ],
      "categoryTrees": [
        {
          "level0": "Baby, Toddler & Kids",
          "level1": "Baby Care",
          "level2": "Nappies & Changing"
        }
      ],
      "cateredFlag": false
    },
    {
      "productId": "5083633-EA-000",
      "brand": "Huggies",
      "name": "Ultra Dry Nappies For Girls Size 5 13-18kg",
      "displayName": "16pk",
      "availability": [
        "IN_STORE",
        "ONLINE"
      ],
      "saleType": "UNITS",
      "restrictedFlag": false,
      "liquorFlag": false,
      "tobaccoFlag": false,
      "originRegulated": false,
      "singlePrice": {
        "price": 1249,
        "promoId": "128823343",
        "comparativePrice": {
          "pricePerUnit": 78,
          "unitQuantity": 1,
          "unitQuantityUom": "ea",
          "measureDescription": "ea"
        }
      },
      "promotions": [
        {
          "promoId": "128823343",
          "rewardValue": 1249,
          "decal": "7000",
          "sapType": "BASE",
          "rewardType": "NEW_PRICE",
          "threshold": 1,
          "limit": 0,
          "multiProducts": false,
          "cardDependencyFlag": false,
          "bestPromotion": true,
          "comparativePrice": {
            "pricePerUnit": 78,
            "unitQuantity": 1,
            "unitQuantityUom": "ea",
            "measureDescription": "ea"
          }
        }
      ],
      "categoryTrees": [
        {
          "level0": "Baby, Toddler & Kids",
          "level1": "Baby Care",
          "level2": "Nappies & Changing"
        }
      ],
      "cateredFlag": false
    },
    {
      "productId": "5246326-EA-000",
      "brand": "Kiddylicious",
      "name": "Veggie Straws 12+ Months",
      "displayName": "12g",
      "availability": [
        "IN_STORE",
        "ONLINE"
      ],
      "saleType": "UNITS",
      "restrictedFlag": false,
      "liquorFlag": false,
      "tobaccoFlag": false,
      "originRegulated": false,
      "singlePrice": {
        "price": 189,
        "promoId": "128923546",
        "comparativePrice": {
          "pricePerUnit": 1575,
          "unitQuantity": 100,
          "unitQuantityUom": "g",
          "measureDescription": "100g"
        }
      },
      "promotions": [
        {
          "promoId": "128923546",
          "rewardValue": 189,
          "decal": "6000",
          "sapType": "BASE",
          "rewardType": "NEW_PRICE",
          "threshold": 1,
          "limit": 0,
          "multiProducts": false,
          "cardDependencyFlag": false,
          "bestPromotion": true,
          "comparativePrice": {
            "pricePerUnit": 1575,
            "unitQuantity": 100,
            "unitQuantityUom": "g",
            "measureDescription": "100g"
          }
        }
      ],
      "categoryTrees": [
        {
          "level0": "Baby, Toddler & Kids",
          "level1": "Baby Care",
          "level2": "Baby Formula & Toddler Food"
        }
      ],
      "cateredFlag": false
    },
    {
      "productId": "5005811-EA-000",
      "brand": "Silk",
      "name": "Soft & Gentle Baby Powder",
      "displayName": "400g",
      "availability": [
        "IN_STORE",
        "ONLINE"
      ],
      "saleType": "UNITS",
      "restrictedFlag": false,
      "liquorFlag": false,
      "tobaccoFlag": false,
      "originRegulated": false,
      "singlePrice": {
        "price": 549,
        "promoId": "128865385",
        "comparativePrice": {
          "pricePerUnit": 137,
          "unitQuantity": 100,
          "unitQuantityUom": "g",
          "measureDescription": "100g"
        }
      },
      "promotions": [
        {
          "promoId": "128865385",
          "rewardValue": 549,
          "decal": "6000",
          "sapType": "BASE",
          "rewardType": "NEW_PRICE",
          "threshold": 1,
          "limit": 0,
          "multiProducts": false,
          "cardDependencyFlag": false,
          "bestPromotion": true,
          "comparativePrice": {
            "pricePerUnit": 137,
            "unitQuantity": 100,
            "unitQuantityUom": "g",
            "measureDescription": "100g"
          }
        }
      ],
      "categoryTrees": [
        {
          "level0": "Baby, Toddler & Kids",
          "level1": "Baby Care",
          "level2": "Baby Bathing & Skin Care"
        }
      ],
      "cateredFlag": false
    },
    {
      "productId": "5022462-EA-000",
      "brand": "Johnson's",
      "name": "Baby Conditioning Shampoo",
      "displayName": "500ml",
      "availability": [
        "IN_STORE",
        "ONLINE"
      ],
      "saleType": "UNITS",
      "restrictedFlag": false,
      "liquorFlag": false,
      "tobaccoFlag": false,
      "originRegulated": false,
      "singlePrice": {
        "price": 1169,
        "comparativePrice": {
          "pricePerUnit": 234,
          "unitQuantity": 100,
          "unitQuantityUom": "ml",
          "measureDescription": "100ml"
        }
      },
      "facets": [
        {
          "itemCode": "00020012",
          "itemDescription": "Non-GMO"
        }
      ],
      "categoryTrees": [
        {
          "level0": "Baby, Toddler & Kids",
          "level1": "Baby Care",
          "level2": "Baby Hair Care"
        }
      ],
      "cateredFlag": false
    },
    {
      "productId": "5025443-EA-000",
      "brand": "Johnson's",
      "name": "Top-To-Toe Baby Bath",
      "displayName": "500ml",
      "availability": [
        "IN_STORE",
        "ONLINE"
      ],
      "saleType": "UNITS",
      "restrictedFlag": false,
      "liquorFlag": false,
      "tobaccoFlag": false,
      "originRegulated": false,
      "singlePrice": {
        "price": 949,
        "promoId": "128929483",
        "comparativePrice": {
          "pricePerUnit": 190,
          "unitQuantity": 100,
          "unitQuantityUom": "ml",
          "measureDescription": "100ml"
        }
      },
      "promotions": [
        {
          "promoId": "128929483",
          "rewardValue": 949,
          "decal": "6000",
          "sapType": "BASE",
          "rewardType": "NEW_PRICE",
          "threshold": 1,
          "limit": 0,
          "multiProducts": false,
          "cardDependencyFlag": false,
          "bestPromotion": true,
          "comparativePrice": {
            "pricePerUnit": 190,
            "unitQuantity": 100,
            "unitQuantityUom": "ml",
            "measureDescription": "100ml"
          }
        }
      ],
      "facets": [
        {
          "itemCode": "00020012",
          "itemDescription": "Non-GMO"
        }
      ],
      "categoryTrees": [
        {
          "level0": "Baby, Toddler & Kids",
          "level1": "Baby Care",
          "level2": "Baby Bathing & Skin Care"
        }
      ],
      "cateredFlag": false
    },
    {
      "productId": "5229731-EA-000",
      "brand": "Huggies",
      "name": "Nappies Infant For Boys & Girls Size 2 4-8kg",
      "displayName": "24pk",
      "availability": [
        "IN_STORE",
        "ONLINE"
      ],
      "saleType": "UNITS",
      "restrictedFlag": false,
      "liquorFlag": false,
      "tobaccoFlag": false,
      "originRegulated": false,
      "singlePrice": {
        "price": 1249,
        "promoId": "128823343",
        "comparativePrice": {
          "pricePerUnit": 52,
          "unitQuantity": 1,
          "unitQuantityUom": "ea",
          "measureDescription": "ea"
        }
      },
      "promotions": [
        {
          "promoId": "128823343",
          "rewardValue": 1249,
          "decal": "7000",
          "sapType": "BASE",
          "rewardType": "NEW_PRICE",
          "threshold": 1,
          "limit": 0,
          "multiProducts": false,
          "cardDependencyFlag": false,
          "bestPromotion": true,
          "comparativePrice": {
            "pricePerUnit": 52,
            "unitQuantity": 1,
            "unitQuantityUom": "ea",
            "measureDescription": "ea"
          }
        }
      ],
      "categoryTrees": [
        {
          "level0": "Baby, Toddler & Kids",
          "level1": "Baby Care",
          "level2": "Nappies & Changing"
        }
      ],
      "cateredFlag": false
    },
    {
      "productId": "5266968-EA-000",
      "brand": "Ecostore",
      "name": "Baby Body Wash",
      "displayName": "500ml",
      "availability": [
        "IN_STORE",
        "ONLINE"
      ],
      "saleType": "UNITS",
      "restrictedFlag": false,
      "liquorFlag": false,
      "tobaccoFlag": false,
      "originRegulated": false,
      "singlePrice": {
        "price": 1399,
        "comparativePrice": {
          "pricePerUnit": 280,
          "unitQuantity": 100,
          "unitQuantityUom": "ml",
          "measureDescription": "100ml"
        }
      },
      "facets": [
        {
          "itemCode": "00020013",
          "itemDescription": "Vegan"
        },
        {
          "itemCode": "00020012",
          "itemDescription": "Non-GMO"
        },
        {
          "itemCode": "00020001",
          "itemDescription": "Organic"
        }
      ],
      "categoryTrees": [
        {
          "level0": "Baby, Toddler & Kids",
          "level1": "Baby Care",
          "level2": "Baby Bathing & Skin Care"
        }
      ],
      "cateredFlag": false
    },
    {
      "productId": "5015608-EA-000",
      "brand": "Aveeno",
      "name": "Baby Daily Moisture Wash & Shampoo",
      "displayName": "236ml",
      "availability": [
        "IN_STORE",
        "ONLINE"
      ],
      "saleType": "UNITS",
      "restrictedFlag": false,
      "liquorFlag": false,
      "tobaccoFlag": false,
      "originRegulated": false,
      "singlePrice": {
        "price": 999,
        "promoId": "128929493",
        "comparativePrice": {
          "pricePerUnit": 423,
          "unitQuantity": 100,
          "unitQuantityUom": "ml",
          "measureDescription": "100ml"
        }
      },
      "promotions": [
        {
          "promoId": "128929493",
          "rewardValue": 999,
          "decal": "6000",
          "sapType": "BASE",
          "rewardType": "NEW_PRICE",
          "threshold": 1,
          "limit": 0,
          "multiProducts": false,
          "cardDependencyFlag": false,
          "bestPromotion": true,
          "comparativePrice": {
            "pricePerUnit": 423,
            "unitQuantity": 100,
            "unitQuantityUom": "ml",
            "measureDescription": "100ml"
          }
        }
      ],
      "facets": [
        {
          "itemCode": "00020012",
          "itemDescription": "Non-GMO"
        }
      ],
      "categoryTrees": [
        {
          "level0": "Baby, Toddler & Kids",
          "level1": "Baby Care",
          "level2": "Baby Bathing & Skin Care"
        }
      ],
      "cateredFlag": false
    },
    {
      "productId": "5006798-EA-000",
      "brand": "Huggies",
      "name": "Little Swimmers Swim Nappies Medium 11-15kg",
      "displayName": "11pk",
      "availability": [
        "IN_STORE",
        "ONLINE"
      ],
      "saleType": "UNITS",
      "restrictedFlag": false,
      "liquorFlag": false,
      "tobaccoFlag": false,
      "originRegulated": false,
      "singlePrice": {
        "price": 1399,
        "comparativePrice": {
          "pricePerUnit": 127,
          "unitQuantity": 1,
          "unitQuantityUom": "ea",
          "measureDescription": "ea"
        }
      },
      "categoryTrees": [
        {
          "level0": "Baby, Toddler & Kids",
          "level1": "Baby Care",
          "level2": "Nappies & Changing"
        }
      ],
      "cateredFlag": false
    },
    {
      "productId": "5083630-EA-000",
      "brand": "Huggies",
      "name": "Ultra Dry Nappies For Boys Size 4 10-15kg",
      "displayName": "18pk",
      "availability": [
        "IN_STORE",
        "ONLINE"
      ],
      "saleType": "UNITS",
      "restrictedFlag": false,
      "liquorFlag": false,
      "tobaccoFlag": false,
      "originRegulated": false,
      "singlePrice": {
        "price": 1249,
        "promoId": "128823343",
        "comparativePrice": {
          "pricePerUnit": 69,
          "unitQuantity": 1,
          "unitQuantityUom": "ea",
          "measureDescription": "ea"
        }
      },
      "promotions": [
        {
          "promoId": "128823343",
          "rewardValue": 1249,
          "decal": "7000",
          "sapType": "BASE",
          "rewardType": "NEW_PRICE",
          "threshold": 1,
          "limit": 0,
          "multiProducts": false,
          "cardDependencyFlag": false,
          "bestPromotion": true,
          "comparativePrice": {
            "pricePerUnit": 69,
            "unitQuantity": 1,
            "unitQuantityUom": "ea",
            "measureDescription": "ea"
          }
        }
      ],
      "categoryTrees": [
        {
          "level0": "Baby, Toddler & Kids",
          "level1": "Baby Care",
          "level2": "Nappies & Changing"
        }
      ],
      "cateredFlag": false
    },
    {
      "productId": "5083631-EA-000",
      "brand": "Huggies",
      "name": "Ultra Dry Nappies For Girls Size 4 10-15kg",
      "displayName": "18pk",
      "availability": [
        "IN_STORE",
        "ONLINE"
      ],
      "saleType": "UNITS",
      "restrictedFlag": false,
      "liquorFlag": false,
      "tobaccoFlag": false,
      "originRegulated": false,
      "singlePrice": {
        "price": 1249,
        "promoId": "128823343",
        "comparativePrice": {
          "pricePerUnit": 69,
          "unitQuantity": 1,
          "unitQuantityUom": "ea",
          "measureDescription": "ea"
        }
      },
      "promotions": [
        {
          "promoId": "128823343",
          "rewardValue": 1249,
          "decal": "7000",
          "sapType": "BASE",
          "rewardType": "NEW_PRICE",
          "threshold": 1,
          "limit": 0,
          "multiProducts": false,
          "cardDependencyFlag": false,
          "bestPromotion": true,
          "comparativePrice": {
            "pricePerUnit": 69,
            "unitQuantity": 1,
            "unitQuantityUom": "ea",
            "measureDescription": "ea"
          }
        }
      ],
      "categoryTrees": [
        {
          "level0": "Baby, Toddler & Kids",
          "level1": "Baby Care",
          "level2": "Nappies & Changing"
        }
      ],
      "cateredFlag": false
    },
    {
      "productId": "5037491-EA-000",
      "brand": "Aveeno",
      "name": "Baby Dermexa Moisture Cream",
      "displayName": "206g",
      "availability": [
        "IN_STORE",
        "ONLINE"
      ],
      "saleType": "UNITS",
      "restrictedFlag": false,
      "liquorFlag": false,
      "tobaccoFlag": false,
      "originRegulated": false,
      "singlePrice": {
        "price": 1899,
        "promoId": "128929495",
        "comparativePrice": {
          "pricePerUnit": 922,
          "unitQuantity": 100,
          "unitQuantityUom": "g",
          "measureDescription": "100g"
        }
      },
      "promotions": [
        {
          "promoId": "128929495",
          "rewardValue": 1899,
          "decal": "6000",
          "sapType": "BASE",
          "rewardType": "NEW_PRICE",
          "threshold": 1,
          "limit": 0,
          "multiProducts": false,
          "cardDependencyFlag": false,
          "bestPromotion": true,
          "comparativePrice": {
            "pricePerUnit": 922,
            "unitQuantity": 100,
            "unitQuantityUom": "g",
            "measureDescription": "100g"
          }
        }
      ],
      "facets": [
        {
          "itemCode": "00020012",
          "itemDescription": "Non-GMO"
        }
      ],
      "categoryTrees": [
        {
          "level0": "Baby, Toddler & Kids",
          "level1": "Baby Care",
          "level2": "Baby Bathing & Skin Care"
        }
      ],
      "cateredFlag": false
    },
    {
      "productId": "5013952-EA-000",
      "brand": "Milton Anti-Bac",
      "name": "Tablets",
      "displayName": "30pk",
      "availability": [
        "IN_STORE",
        "ONLINE"
      ],
      "saleType": "UNITS",
      "restrictedFlag": false,
      "liquorFlag": false,
      "tobaccoFlag": false,
      "originRegulated": false,
      "singlePrice": {
        "price": 1079,
        "comparativePrice": {
          "pricePerUnit": 36,
          "unitQuantity": 1,
          "unitQuantityUom": "ea",
          "measureDescription": "ea"
        }
      },
      "categoryTrees": [
        {
          "level0": "Baby, Toddler & Kids",
          "level1": "Baby Care",
          "level2": "Baby Health"
        }
      ],
      "cateredFlag": false
    },
    {
      "productId": "5083629-EA-000",
      "brand": "Huggies",
      "name": "Ultra Dry Nappies For Girls Size 3 6-11kg",
      "displayName": "22pk",
      "availability": [
        "IN_STORE",
        "ONLINE"
      ],
      "saleType": "UNITS",
      "restrictedFlag": false,
      "liquorFlag": false,
      "tobaccoFlag": false,
      "originRegulated": false,
      "singlePrice": {
        "price": 1249,
        "promoId": "128823343",
        "comparativePrice": {
          "pricePerUnit": 57,
          "unitQuantity": 1,
          "unitQuantityUom": "ea",
          "measureDescription": "ea"
        }
      },
      "promotions": [
        {
          "promoId": "128823343",
          "rewardValue": 1249,
          "decal": "7000",
          "sapType": "BASE",
          "rewardType": "NEW_PRICE",
          "threshold": 1,
          "limit": 0,
          "multiProducts": false,
          "cardDependencyFlag": false,
          "bestPromotion": true,
          "comparativePrice": {
            "pricePerUnit": 57,
            "unitQuantity": 1,
            "unitQuantityUom": "ea",
            "measureDescription": "ea"
          }
        }
      ],
      "categoryTrees": [
        {
          "level0": "Baby, Toddler & Kids",
          "level1": "Baby Care",
          "level2": "Nappies & Changing"
        }
      ],
      "cateredFlag": false
    },
    {
      "productId": "5233685-EA-000",
      "brand": "Rascal and Friends",
      "name": "Premium Nappies Unisex 3-5kg Newborn",
      "displayName": "108pk",
      "availability": [
        "IN_STORE",
        "ONLINE"
      ],
      "saleType": "UNITS",
      "restrictedFlag": false,
      "liquorFlag": false,
      "tobaccoFlag": false,
      "originRegulated": false,
      "singlePrice": {
        "price": 3599,
        "comparativePrice": {
          "pricePerUnit": 33,
          "unitQuantity": 1,
          "unitQuantityUom": "ea",
          "measureDescription": "ea"
        }
      },
      "facets": [
        {
          "itemCode": "00020012",
          "itemDescription": "Non-GMO"
        }
      ],
      "categoryTrees": [
        {
          "level0": "Baby, Toddler & Kids",
          "level1": "Baby Care",
          "level2": "Nappies & Changing"
        }
      ],
      "cateredFlag": false
    },
    {
      "productId": "5008778-EA-000",
      "brand": "Baby Steps",
      "name": "Stage 3 From 12 -36 Months Goat Toddler Milk Drink",
      "displayName": "900g",
      "availability": [
        "IN_STORE",
        "ONLINE"
      ],
      "saleType": "UNITS",
      "restrictedFlag": false,
      "liquorFlag": false,
      "tobaccoFlag": false,
      "originRegulated": false,
      "singlePrice": {
        "price": 3909,
        "comparativePrice": {
          "pricePerUnit": 434,
          "unitQuantity": 100,
          "unitQuantityUom": "g",
          "measureDescription": "100g"
        }
      },
      "facets": [
        {
          "itemCode": "00020012",
          "itemDescription": "Non-GMO"
        }
      ],
      "categoryTrees": [
        {
          "level0": "Baby, Toddler & Kids",
          "level1": "Baby Care",
          "level2": "Baby Formula & Toddler Food"
        }
      ],
      "cateredFlag": false
    },
    {
      "productId": "5022521-EA-000",
      "brand": "Johnson's",
      "name": "Baby Shampoo",
      "displayName": "500ml",
      "availability": [
        "IN_STORE",
        "ONLINE"
      ],
      "saleType": "UNITS",
      "restrictedFlag": false,
      "liquorFlag": false,
      "tobaccoFlag": false,
      "originRegulated": false,
      "singlePrice": {
        "price": 949,
        "promoId": "128929481",
        "comparativePrice": {
          "pricePerUnit": 190,
          "unitQuantity": 100,
          "unitQuantityUom": "ml",
          "measureDescription": "100ml"
        }
      },
      "promotions": [
        {
          "promoId": "128929481",
          "rewardValue": 949,
          "decal": "6000",
          "sapType": "BASE",
          "rewardType": "NEW_PRICE",
          "threshold": 1,
          "limit": 0,
          "multiProducts": false,
          "cardDependencyFlag": false,
          "bestPromotion": true,
          "comparativePrice": {
            "pricePerUnit": 190,
            "unitQuantity": 100,
            "unitQuantityUom": "ml",
            "measureDescription": "100ml"
          }
        }
      ],
      "facets": [
        {
          "itemCode": "00020012",
          "itemDescription": "Non-GMO"
        }
      ],
      "categoryTrees": [
        {
          "level0": "Baby, Toddler & Kids",
          "level1": "Baby Care",
          "level2": "Baby Hair Care"
        }
      ],
      "cateredFlag": false
    },
    {
      "productId": "5019106-EA-000",
      "brand": "Ecostore",
      "name": "Baby Bubble Bath",
      "displayName": "500ml",
      "availability": [
        "IN_STORE",
        "ONLINE"
      ],
      "saleType": "UNITS",
      "restrictedFlag": false,
      "liquorFlag": false,
      "tobaccoFlag": false,
      "originRegulated": false,
      "singlePrice": {
        "price": 1399,
        "comparativePrice": {
          "pricePerUnit": 280,
          "unitQuantity": 100,
          "unitQuantityUom": "ml",
          "measureDescription": "100ml"
        }
      },
      "facets": [
        {
          "itemCode": "00020001",
          "itemDescription": "Organic"
        }
      ],
      "categoryTrees": [
        {
          "level0": "Baby, Toddler & Kids",
          "level1": "Baby Care",
          "level2": "Baby Bathing & Skin Care"
        }
      ],
      "cateredFlag": false
    },
    {
      "productId": "5083628-EA-000",
      "brand": "Huggies",
      "name": "Ultra Dry Nappies For Boys Size 3 6-11kg",
      "displayName": "22pk",
      "availability": [
        "IN_STORE",
        "ONLINE"
      ],
      "saleType": "UNITS",
      "restrictedFlag": false,
      "liquorFlag": false,
      "tobaccoFlag": false,
      "originRegulated": false,
      "singlePrice": {
        "price": 1249,
        "promoId": "128823343",
        "comparativePrice": {
          "pricePerUnit": 57,
          "unitQuantity": 1,
          "unitQuantityUom": "ea",
          "measureDescription": "ea"
        }
      },
      "promotions": [
        {
          "promoId": "128823343",
          "rewardValue": 1249,
          "decal": "7000",
          "sapType": "BASE",
          "rewardType": "NEW_PRICE",
          "threshold": 1,
          "limit": 0,
          "multiProducts": false,
          "cardDependencyFlag": false,
          "bestPromotion": true,
          "comparativePrice": {
            "pricePerUnit": 57,
            "unitQuantity": 1,
            "unitQuantityUom": "ea",
            "measureDescription": "ea"
          }
        }
      ],
      "categoryTrees": [
        {
          "level0": "Baby, Toddler & Kids",
          "level1": "Baby Care",
          "level2": "Nappies & Changing"
        }
      ],
      "cateredFlag": false
    },
    {
      "productId": "5229726-EA-000",
      "brand": "Huggies",
      "name": "Ultra Dry Nappy Pants For Girls Size 4 9-14kg",
      "displayName": "20pk",
      "availability": [
        "IN_STORE",
        "ONLINE"
      ],
      "saleType": "UNITS",
      "restrictedFlag": false,
      "liquorFlag": false,
      "tobaccoFlag": false,
      "originRegulated": false,
      "singlePrice": {
        "price": 1249,
        "promoId": "128823345",
        "comparativePrice": {
          "pricePerUnit": 62,
          "unitQuantity": 1,
          "unitQuantityUom": "ea",
          "measureDescription": "ea"
        }
      },
      "promotions": [
        {
          "promoId": "128823345",
          "rewardValue": 1249,
          "decal": "7000",
          "sapType": "BASE",
          "rewardType": "NEW_PRICE",
          "threshold": 1,
          "limit": 0,
          "multiProducts": false,
          "cardDependencyFlag": false,
          "bestPromotion": true,
          "comparativePrice": {
            "pricePerUnit": 62,
            "unitQuantity": 1,
            "unitQuantityUom": "ea",
            "measureDescription": "ea"
          }
        }
      ],
      "categoryTrees": [
        {
          "level0": "Baby, Toddler & Kids",
          "level1": "Baby Care",
          "level2": "Nappies & Changing"
        }
      ],
      "cateredFlag": false
    },
    {
      "productId": "5015610-EA-000",
      "brand": "Aveeno",
      "name": "Baby Soothing Relief Moisture Cream",
      "displayName": "139ml",
      "availability": [
        "IN_STORE",
        "ONLINE"
      ],
      "saleType": "UNITS",
      "restrictedFlag": false,
      "liquorFlag": false,
      "tobaccoFlag": false,
      "originRegulated": false,
      "singlePrice": {
        "price": 999,
        "promoId": "128929490",
        "comparativePrice": {
          "pricePerUnit": 714,
          "unitQuantity": 100,
          "unitQuantityUom": "g",
          "measureDescription": "100g"
        }
      },
      "promotions": [
        {
          "promoId": "128929490",
          "rewardValue": 999,
          "decal": "6000",
          "sapType": "BASE",
          "rewardType": "NEW_PRICE",
          "threshold": 1,
          "limit": 0,
          "multiProducts": false,
          "cardDependencyFlag": false,
          "bestPromotion": true,
          "comparativePrice": {
            "pricePerUnit": 714,
            "unitQuantity": 100,
            "unitQuantityUom": "g",
            "measureDescription": "100g"
          }
        }
      ],
      "categoryTrees": [
        {
          "level0": "Baby, Toddler & Kids",
          "level1": "Baby Care",
          "level2": "Baby Bathing & Skin Care"
        }
      ],
      "cateredFlag": false
    }
  ],
  "algoliaSearchResult": {
    "facets": {
      "brand": {
        "Huggies": 63,
        "Only Organic": 26,
        "Pams": 18,
        "Wattie's": 18,
        "Rascals": 15,
        "Silk": 13,
        "Aptamil": 12,
        "Karicare": 12,
        "Tommee Tippee": 11,
        "Johnson's": 10,
        "Little Bellies": 10,
        "Natureland": 9,
        "Nuby": 9,
        "Philips Avent": 9,
        "Aveeno": 7,
        "S-26": 6,
        "Kiddylicious": 4,
        "Bubs": 3,
        "Ecostore": 3,
        "Farex": 3,
        "Heinz": 3,
        "Johnson's Baby": 3,
        "Petite Eats": 3,
        "Baby Mum-Mum": 2,
        "Baby Steps": 2,
        "Bepanthen": 2,
        "Cetaphil": 2,
        "Colgate": 2,
        "Lansinoh": 2,
        "Rafferty's Garden": 2,
        "Best": 1,
        "Comfort": 1,
        "Curash": 1,
        "Earthsmart": 1,
        "Friends": 1,
        "Funtime": 1,
        "Haven": 1,
        "Korbond": 1,
        "Little Quacker": 1,
        "Milton Anti-Bac": 1,
        "Paseo": 1,
        "Rascal and Friends": 1,
        "Rocco & Tolly": 1,
        "Sudocrem": 1,
        "Vaseline": 1,
        "Vicks": 1,
        "Zuru": 1
      },
      "category1NI": {
        "Baby Care": 301,
        "Pams": 5,
        "Beauty & Grooming": 1,
        "Health & Wellness": 1,
        "Household": 1
      },
      "onPromotion": {
        "21ecaaed-0749-4492-985e-4bb7ba43d59c": 99,
        "c3f9e1a3-fc34-452d-af2e-95349e666ba4": 93,
        "3c5e3145-0767-4066-9349-6c0a1313acc5": 90,
        "61dd754e-8525-4b9e-9e08-173389eea8a8": 87,
        "2ed73be8-936d-4f35-9398-75a707f40a7b": 86,
        "5cf0392f-c187-4fc4-a463-eb269d2e8f45": 86,
        "90082979-fb9f-4305-9c72-83274fc438cc": 86,
        "b29a98bd-749c-489c-9eef-6aa38e66a29b": 86,
        "be4c4780-218e-425a-a90f-63e21773572b": 86,
        "d8032da3-c1b9-456e-b626-41ce21f8c67b": 86,
        "715f0e22-95e0-45ce-af3a-07057209976e": 83,
        "4a279605-eaa8-470d-bcd4-0a9e3c9ab43b": 80,
        "8cd700ae-d96f-4761-bd7a-805d6b93536d": 80,
        "7d48a781-4f68-4c91-a908-8659e1b22f95": 79,
        "dbca5e00-f7f9-43ae-91de-031ad16f8a92": 79,
        "5f167936-79ae-4f6a-b9d2-74afe1bb096b": 70,
        "33d8d6fc-861a-45ff-9937-5ccdb55eaede": 67,
        "64eab5b1-8d79-45f4-94f1-02b8cf8b6202": 67,
        "98ec3885-ac93-4fcb-807b-59c9055c52c4": 67,
        "92086ded-a55d-4241-a364-7d7ea91531b4": 64,
        "d6d39eea-889d-4e20-923c-55cab225cf7f": 64,
        "01a114de-149c-4f5f-80a1-90cc63f69c6e": 63,
        "714431ab-6e39-4df6-ac77-cfc5c1e25bc8": 63,
        "8f0d70be-5cb7-464b-99cb-8b0130671895": 63,
        "b92cc33f-b5a8-4b57-9b82-412946800020": 62,
        "e1925ea7-01bc-4358-ae7c-c6502da5ab12": 62,
        "529d66cc-60e3-432e-b8d1-efc9f2ec4919": 59,
        "65defcf2-bc15-490e-a84f-1f13b769cd22": 59,
        "3bb30799-82ce-4648-8c02-5113228963ed": 58,
        "6e6809dd-01bc-45c9-aab1-f01ccd8338b0": 58,
        "a7d09522-bee2-41e4-8fe0-0b82b7f342f5": 58,
        "3404c253-577f-45ca-b301-c98312e46efb": 57,
        "53989945-1a28-481d-a61c-d6f75f760ada": 57,
        "15e6f441-5c1c-4d25-b4ec-1adf918c49c7": 55,
        "60561e46-ece7-43a7-b142-9b14812586e4": 54,
        "b2e98a14-c8ca-401e-99ed-edf74570c6f6": 54,
        "48dd98cc-a757-4102-b15d-ea82b4b10571": 53,
        "49037947-e450-49bf-ba1f-a94551c79a72": 53,
        "4fcc1c8e-cc5e-4675-ba25-5e56b579cf69": 53,
        "6cda96e1-7d29-44a6-956b-3fcfdecc8184": 53,
        "b83029b6-5dd5-449e-8056-26f3943a4e18": 53,
        "1c388d5e-29ac-4956-b476-cb3431353d2e": 52,
        "9cd8eb60-3222-4efc-bd7c-50e03e6a81a4": 50,
        "c0f80e87-16be-4488-9553-da437e8c6c2a": 50,
        "50b1216b-d066-4457-b88b-9bccf97bf6d3": 49,
        "6c73764e-b8e6-4e55-ad37-f6a9d207da1f": 49,
        "b39562a4-2b72-43fe-b9ba-eda1d651ad0b": 49,
        "3bfe040b-f0c9-45e0-949b-b9ad5a591d55": 48,
        "94ef1985-cab1-4b39-a2f3-230120f03c16": 47,
        "c2204dae-579e-4b6b-9d42-2e13ceaa6031": 47,
        "3e82142c-78dc-46f3-82ec-28e65fcf84c9": 44,
        "c180a72d-5dbe-4403-b7c7-91655e505492": 44,
        "af385423-d0f1-41f0-9482-ffd10b745143": 41,
        "076e8177-943b-41fc-a885-ba3d28297acf": 38,
        "d1cd1fdd-8767-46a6-a8d3-c3e0632c2dc8": 38
      },
      "productFacets": {
        "Non-GMO": 127,
        "Organic": 46,
        "Dairy Free": 20,
        "Gluten Free": 10,
        "Vegan": 3,
        "Free Range": 2,
        "Halal": 2
      }
    }
  },
  "totalHits": 301,
  "page": 3,
  "totalPages": 7,
  "hitsPerPage": 50
}
