{
  "tobaccoProducts": false,
  "products": [
    {
      "productId": "5320563-EA-000",
      "brand": "Aptamil",
      "name": "Gold+ 1 0-6 Months Premium Infant Formula",
      "displayName": "5 x 22.5g",
      "availability": [
        "IN_STORE",
        "ONLINE"
      ],
      "saleType": "UNITS",
      "restrictedFlag": false,
      "liquorFlag": false,
      "tobaccoFlag": false,
      "originRegulated": false,
      "singlePrice": {
        "price": 649,
        "comparativePrice": {
          "pricePerUnit": 577,
          "unitQuantity": 100,
          "unitQuantityUom": "g",
          "measureDescription": "100g"
        }
      },
      "facets": [
        {
          "itemCode": "00020012",
          "itemDescription": "Non-GMO"
        }
      ],
      "categoryTrees": [
        {
          "level0": "Baby, Toddler & Kids",
          "level1": "Baby Care",
          "level2": "Baby Formula & Toddler Food"
        }
      ],
      "cateredFlag": false
    },
    {
      "productId": "5320127-EA-000",
      "brand": "Tommee Tippee",
      "name": "190ml Weaning Sippee Cup",
      "displayName": "1pk",
      "availability": [
        "IN_STORE",
        "ONLINE"
      ],
      "saleType": "UNITS",
      "restrictedFlag": false,
      "liquorFlag": false,
      "tobaccoFlag": false,
      "originRegulated": false,
      "singlePrice": {
        "price": 1349
      },
      "categoryTrees": [
        {
          "level0": "Baby, Toddler & Kids",
          "level1": "Baby Care",
          "level2": "Nursing & Feeding"
        }
      ],
      "cateredFlag": false
    },
    {
      "productId": "5319577-EA-000",
      "brand": "Silk",
      "name": "Fragrance Free Baby Wipes",
      "displayName": "80pk",
      "availability": [
        "IN_STORE",
        "ONLINE"
      ],
      "saleType": "UNITS",
      "restrictedFlag": false,
      "liquorFlag": false,
      "tobaccoFlag": false,
      "originRegulated": false,
      "singlePrice": {
        "price": 599,
        "promoId": "128979086",
        "comparativePrice": {
          "pricePerUnit": 749,
          "unitQuantity": 100,
          "unitQuantityUom": " ",
          "measureDescription": "100"
        }
      },
      "promotions": [
        {
          "promoId": "128979086",
          "rewardValue": 599,
          "decal": "6000",
          "sapType": "BASE",
          "rewardType": "NEW_PRICE",
          "threshold": 1,
          "limit": 0,
          "multiProducts": false,
          "cardDependencyFlag": false,
          "bestPromotion": true,
          "comparativePrice": {
            "pricePerUnit": 749,
            "unitQuantity": 100,
            "unitQuantityUom": " ",
            "measureDescription": "100"
          }
        }
      ],
      "categoryTrees": [
        {
          "level0": "Baby, Toddler & Kids",
          "level1": "Baby Care",
          "level2": "Baby Wipes"
        }
      ],
      "cateredFlag": false
    },
    {
      "productId": "5319576-EA-000",
      "brand": "Silk",
      "name": "Fragrance Free Baby Wipes",
      "displayName": "300pk",
      "availability": [
        "IN_STORE",
        "ONLINE"
      ],
      "saleType": "UNITS",
      "restrictedFlag": false,
      "liquorFlag": false,
      "tobaccoFlag": false,
      "originRegulated": false,
      "singlePrice": {
        "price": 999,
        "comparativePrice": {
          "pricePerUnit": 333,
          "unitQuantity": 100,
          "unitQuantityUom": " ",
          "measureDescription": "100"
        }
      },
      "categoryTrees": [
        {
          "level0": "Baby, Toddler & Kids",
          "level1": "Baby Care",
          "level2": "Baby Wipes"
        }
      ],
      "cateredFlag": false
    },
    {
      "productId": "5319224-EA-000",
      "brand": "Natureland",
      "name": "Strawberry Rice Ruskits 10+ Months Finger Food",
      "displayName": "10 g",
      "availability": [
        "IN_STORE",
        "ONLINE"
      ],
      "saleType": "UNITS",
      "restrictedFlag": false,
      "liquorFlag": false,
      "tobaccoFlag": false,
      "originRegulated": false,
      "singlePrice": {
        "price": 189,
        "comparativePrice": {
          "pricePerUnit": 1890,
          "unitQuantity": 100,
          "unitQuantityUom": "g",
          "measureDescription": "100g"
        }
      },
      "categoryTrees": [
        {
          "level0": "Baby, Toddler & Kids",
          "level1": "Baby Care",
          "level2": "Baby Formula & Toddler Food"
        }
      ],
      "cateredFlag": false
    },
    {
      "productId": "5319223-EA-000",
      "brand": "Natureland",
      "name": "Mango Rice Ruskits 10+ Months Finger Food",
      "displayName": "10 g",
      "availability": [
        "IN_STORE",
        "ONLINE"
      ],
      "saleType": "UNITS",
      "restrictedFlag": false,
      "liquorFlag": false,
      "tobaccoFlag": false,
      "originRegulated": false,
      "singlePrice": {
        "price": 189,
        "comparativePrice": {
          "pricePerUnit": 1890,
          "unitQuantity": 100,
          "unitQuantityUom": "g",
          "measureDescription": "100g"
        }
      },
      "categoryTrees": [
        {
          "level0": "Baby, Toddler & Kids",
          "level1": "Baby Care",
          "level2": "Baby Formula & Toddler Food"
        }
      ],
      "cateredFlag": false
    },
    {
      "productId": "5319049-EA-000",
      "brand": "Only Organic",
      "name": "Blueberry & Apple Rice Cakes 8+ Months Finger Food",
      "displayName": "20g",
      "availability": [
        "IN_STORE",
        "ONLINE"
      ],
      "saleType": "UNITS",
      "restrictedFlag": false,
      "liquorFlag": false,
      "tobaccoFlag": false,
      "originRegulated": false,
      "singlePrice": {
        "price": 219,
        "comparativePrice": {
          "pricePerUnit": 1095,
          "unitQuantity": 100,
          "unitQuantityUom": "g",
          "measureDescription": "100g"
        }
      },
      "facets": [
        {
          "itemCode": "00020001",
          "itemDescription": "Organic"
        }
      ],
      "categoryTrees": [
        {
          "level0": "Baby, Toddler & Kids",
          "level1": "Baby Care",
          "level2": "Baby Formula & Toddler Food"
        }
      ],
      "cateredFlag": false
    },
    {
      "productId": "5318949-EA-000",
      "brand": "Only Organic",
      "name": "Passionfruit Yoghurt Rice cakes",
      "displayName": "30 g",
      "availability": [
        "IN_STORE",
        "ONLINE"
      ],
      "saleType": "UNITS",
      "restrictedFlag": false,
      "liquorFlag": false,
      "tobaccoFlag": false,
      "originRegulated": false,
      "singlePrice": {
        "price": 319,
        "comparativePrice": {
          "pricePerUnit": 1063,
          "unitQuantity": 100,
          "unitQuantityUom": "g",
          "measureDescription": "100g"
        }
      },
      "facets": [
        {
          "itemCode": "00020001",
          "itemDescription": "Organic"
        }
      ],
      "categoryTrees": [
        {
          "level0": "Baby, Toddler & Kids",
          "level1": "Baby Care",
          "level2": "Baby Formula & Toddler Food"
        }
      ],
      "cateredFlag": false
    },
    {
      "productId": "5318942-EA-000",
      "brand": "Only Organic",
      "name": "Raspberry & Â Banana Baby Wafers Finger Food 6+ Months",
      "displayName": "16 g",
      "availability": [
        "IN_STORE",
        "ONLINE"
      ],
      "saleType": "UNITS",
      "restrictedFlag": false,
      "liquorFlag": false,
      "tobaccoFlag": false,
      "originRegulated": false,
      "singlePrice": {
        "price": 329,
        "comparativePrice": {
          "pricePerUnit": 2056,
          "unitQuantity": 100,
          "unitQuantityUom": "g",
          "measureDescription": "100g"
        }
      },
      "facets": [
        {
          "itemCode": "00020001",
          "itemDescription": "Organic"
        }
      ],
      "categoryTrees": [
        {
          "level0": "Baby, Toddler & Kids",
          "level1": "Baby Care",
          "level2": "Baby Formula & Toddler Food"
        }
      ],
      "cateredFlag": false
    },
    {
      "productId": "5318935-EA-000",
      "brand": "Little Bellies",
      "name": "Organic Banana Softcorn 10+ Months",
      "displayName": "30g",
      "availability": [
        "IN_STORE",
        "ONLINE"
      ],
      "saleType": "UNITS",
      "restrictedFlag": false,
      "liquorFlag": false,
      "tobaccoFlag": false,
      "originRegulated": true,
      "originStatement": "Product of United Kingdom",
      "singlePrice": {
        "price": 429,
        "promoId": "128929202",
        "comparativePrice": {
          "pricePerUnit": 1430,
          "unitQuantity": 100,
          "unitQuantityUom": "g",
          "measureDescription": "100g"
        }
      },
      "promotions": [
        {
          "promoId": "128929202",
          "rewardValue": 429,
          "decal": "6000",
          "sapType": "BASE",
          "rewardType": "NEW_PRICE",
          "threshold": 1,
          "limit": 0,
          "multiProducts": false,
          "cardDependencyFlag": false,
          "bestPromotion": true,
          "comparativePrice": {
            "pricePerUnit": 1430,
            "unitQuantity": 100,
            "unitQuantityUom": "g",
            "measureDescription": "100g"
          }
        }
      ],
      "facets": [
        {
          "itemCode": "00020012",
          "itemDescription": "Non-GMO"
        }
      ],
      "categoryTrees": [
        {
          "level0": "Baby, Toddler & Kids",
          "level1": "Baby Care",
          "level2": "Baby Formula & Toddler Food"
        }
      ],
      "cateredFlag": false
    },
    {
      "productId": "5318916-EA-000",
      "brand": "Bubs",
      "name": "Organic Pear & Beetroot Smiley Squares Rice & Quinoa Wafers 7+ Months",
      "displayName": "14g",
      "availability": [
        "IN_STORE",
        "ONLINE"
      ],
      "saleType": "UNITS",
      "restrictedFlag": false,
      "liquorFlag": false,
      "tobaccoFlag": false,
      "originRegulated": false,
      "singlePrice": {
        "price": 189,
        "promoId": "128923081",
        "comparativePrice": {
          "pricePerUnit": 1350,
          "unitQuantity": 100,
          "unitQuantityUom": "g",
          "measureDescription": "100g"
        }
      },
      "promotions": [
        {
          "promoId": "128923081",
          "rewardValue": 189,
          "decal": "6000",
          "sapType": "BASE",
          "rewardType": "NEW_PRICE",
          "threshold": 1,
          "limit": 0,
          "multiProducts": false,
          "cardDependencyFlag": false,
          "bestPromotion": true,
          "comparativePrice": {
            "pricePerUnit": 1350,
            "unitQuantity": 100,
            "unitQuantityUom": "g",
            "measureDescription": "100g"
          }
        }
      ],
      "facets": [
        {
          "itemCode": "00020001",
          "itemDescription": "Organic"
        },
        {
          "itemCode": "00020012",
          "itemDescription": "Non-GMO"
        }
      ],
      "categoryTrees": [
        {
          "level0": "Baby, Toddler & Kids",
          "level1": "Baby Care",
          "level2": "Baby Formula & Toddler Food"
        }
      ],
      "cateredFlag": false
    },
    {
      "productId": "5318914-EA-000",
      "brand": "Bubs",
      "name": "Organic Coconut Little Rollies Quinoa & Millet Snack 12+ Months",
      "displayName": "25g",
      "availability": [
        "IN_STORE",
        "ONLINE"
      ],
      "saleType": "UNITS",
      "restrictedFlag": false,
      "liquorFlag": false,
      "tobaccoFlag": false,
      "originRegulated": false,
      "singlePrice": {
        "price": 189,
        "promoId": "128923079",
        "comparativePrice": {
          "pricePerUnit": 756,
          "unitQuantity": 100,
          "unitQuantityUom": "g",
          "measureDescription": "100g"
        }
      },
      "promotions": [
        {
          "promoId": "128923079",
          "rewardValue": 189,
          "decal": "6000",
          "sapType": "BASE",
          "rewardType": "NEW_PRICE",
          "threshold": 1,
          "limit": 0,
          "multiProducts": false,
          "cardDependencyFlag": false,
          "bestPromotion": true,
          "comparativePrice": {
            "pricePerUnit": 756,
            "unitQuantity": 100,
            "unitQuantityUom": "g",
            "measureDescription": "100g"
          }
        }
      ],
      "facets": [
        {
          "itemCode": "00020012",
          "itemDescription": "Non-GMO"
        },
        {
          "itemCode": "00020001",
          "itemDescription": "Organic"
        }
      ],
      "categoryTrees": [
        {
          "level0": "Baby, Toddler & Kids",
          "level1": "Baby Care",
          "level2": "Baby Formula & Toddler Food"
        }
      ],
      "cateredFlag": false
    },
    {
      "productId": "5318912-EA-000",
      "brand": "Bubs",
      "name": "Organic Baby Rice Cereal 4+ Months",
      "displayName": "125g",
      "availability": [
        "IN_STORE",
        "ONLINE"
      ],
      "saleType": "UNITS",
      "restrictedFlag": false,
      "liquorFlag": false,
      "tobaccoFlag": false,
      "originRegulated": false,
      "singlePrice": {
        "price": 429,
        "comparativePrice": {
          "pricePerUnit": 343,
          "unitQuantity": 100,
          "unitQuantityUom": "g",
          "measureDescription": "100g"
        }
      },
      "facets": [
        {
          "itemCode": "00020001",
          "itemDescription": "Organic"
        },
        {
          "itemCode": "00020012",
          "itemDescription": "Non-GMO"
        }
      ],
      "categoryTrees": [
        {
          "level0": "Baby, Toddler & Kids",
          "level1": "Baby Care",
          "level2": "Baby Formula & Toddler Food"
        }
      ],
      "cateredFlag": false
    },
    {
      "productId": "5318768-EA-000",
      "brand": "Johnson's Baby",
      "name": "Baby Soothing Powder",
      "displayName": "200g",
      "availability": [
        "IN_STORE",
        "ONLINE"
      ],
      "saleType": "UNITS",
      "restrictedFlag": false,
      "liquorFlag": false,
      "tobaccoFlag": false,
      "originRegulated": false,
      "singlePrice": {
        "price": 579,
        "comparativePrice": {
          "pricePerUnit": 290,
          "unitQuantity": 100,
          "unitQuantityUom": "g",
          "measureDescription": "100g"
        }
      },
      "facets": [
        {
          "itemCode": "00020012",
          "itemDescription": "Non-GMO"
        }
      ],
      "categoryTrees": [
        {
          "level0": "Baby, Toddler & Kids",
          "level1": "Baby Care",
          "level2": "Baby Bathing & Skin Care"
        }
      ],
      "cateredFlag": false
    },
    {
      "productId": "5318766-EA-000",
      "brand": "Johnson's Baby",
      "name": "Baby Powder",
      "displayName": "400g",
      "availability": [
        "IN_STORE",
        "ONLINE"
      ],
      "saleType": "UNITS",
      "restrictedFlag": false,
      "liquorFlag": false,
      "tobaccoFlag": false,
      "originRegulated": false,
      "singlePrice": {
        "price": 799,
        "comparativePrice": {
          "pricePerUnit": 200,
          "unitQuantity": 100,
          "unitQuantityUom": "g",
          "measureDescription": "100g"
        }
      },
      "facets": [
        {
          "itemCode": "00020012",
          "itemDescription": "Non-GMO"
        }
      ],
      "categoryTrees": [
        {
          "level0": "Baby, Toddler & Kids",
          "level1": "Baby Care",
          "level2": "Baby Bathing & Skin Care"
        }
      ],
      "cateredFlag": false
    },
    {
      "productId": "5317827-EA-000",
      "brand": "Huggies",
      "name": "Clutch 'n' Go Fragrance Free Wipes",
      "displayName": "32pk",
      "availability": [
        "IN_STORE",
        "ONLINE"
      ],
      "saleType": "UNITS",
      "restrictedFlag": false,
      "liquorFlag": false,
      "tobaccoFlag": false,
      "originRegulated": false,
      "singlePrice": {
        "price": 729,
        "promoId": "128901784",
        "comparativePrice": {
          "pricePerUnit": 23,
          "unitQuantity": 1,
          "unitQuantityUom": "ea",
          "measureDescription": "ea"
        }
      },
      "promotions": [
        {
          "promoId": "128901784",
          "rewardValue": 729,
          "decal": "6000",
          "sapType": "BASE",
          "rewardType": "NEW_PRICE",
          "threshold": 1,
          "limit": 0,
          "multiProducts": false,
          "cardDependencyFlag": false,
          "bestPromotion": true,
          "comparativePrice": {
            "pricePerUnit": 23,
            "unitQuantity": 1,
            "unitQuantityUom": "ea",
            "measureDescription": "ea"
          }
        }
      ],
      "categoryTrees": [
        {
          "level0": "Baby, Toddler & Kids",
          "level1": "Baby Care",
          "level2": "Baby Wipes"
        }
      ],
      "cateredFlag": false
    },
    {
      "productId": "5315648-EA-000",
      "brand": "Haven",
      "name": "A2 Stage 3 12+ Months Toddler Milk",
      "displayName": "800g",
      "availability": [
        "IN_STORE",
        "ONLINE"
      ],
      "saleType": "UNITS",
      "restrictedFlag": false,
      "liquorFlag": false,
      "tobaccoFlag": false,
      "originRegulated": false,
      "singlePrice": {
        "price": 3179,
        "comparativePrice": {
          "pricePerUnit": 397,
          "unitQuantity": 100,
          "unitQuantityUom": "g",
          "measureDescription": "100g"
        }
      },
      "facets": [
        {
          "itemCode": "00020012",
          "itemDescription": "Non-GMO"
        }
      ],
      "categoryTrees": [
        {
          "level0": "Baby, Toddler & Kids",
          "level1": "Baby Care",
          "level2": "Baby Formula & Toddler Food"
        }
      ],
      "cateredFlag": false
    },
    {
      "productId": "5315583-EA-000",
      "brand": "Silk",
      "name": "Lavender & Chamomile Baby Oil",
      "displayName": "200ml",
      "availability": [
        "IN_STORE",
        "ONLINE"
      ],
      "saleType": "UNITS",
      "restrictedFlag": false,
      "liquorFlag": false,
      "tobaccoFlag": false,
      "originRegulated": false,
      "singlePrice": {
        "price": 329,
        "promoId": "128865390",
        "comparativePrice": {
          "pricePerUnit": 165,
          "unitQuantity": 100,
          "unitQuantityUom": "ml",
          "measureDescription": "100ml"
        }
      },
      "promotions": [
        {
          "promoId": "128865390",
          "rewardValue": 329,
          "decal": "6000",
          "sapType": "BASE",
          "rewardType": "NEW_PRICE",
          "threshold": 1,
          "limit": 0,
          "multiProducts": false,
          "cardDependencyFlag": false,
          "bestPromotion": true,
          "comparativePrice": {
            "pricePerUnit": 165,
            "unitQuantity": 100,
            "unitQuantityUom": "ml",
            "measureDescription": "100ml"
          }
        }
      ],
      "categoryTrees": [
        {
          "level0": "Baby, Toddler & Kids",
          "level1": "Baby Care",
          "level2": "Baby Bathing & Skin Care"
        }
      ],
      "cateredFlag": false
    },
    {
      "productId": "5315164-EA-000",
      "brand": "Zuru",
      "name": "Baby Shark Swimming Toy 18+ Months",
      "displayName": "1pk",
      "availability": [
        "IN_STORE",
        "ONLINE"
      ],
      "saleType": "UNITS",
      "restrictedFlag": false,
      "liquorFlag": false,
      "tobaccoFlag": false,
      "originRegulated": false,
      "singlePrice": {
        "price": 1999
      },
      "categoryTrees": [
        {
          "level0": "Baby, Toddler & Kids",
          "level1": "Baby Care",
          "level2": "Baby Formula & Toddler Food"
        }
      ],
      "cateredFlag": false
    },
    {
      "productId": "5314908-EA-000",
      "brand": "Aptamil",
      "name": "Prosyneo 0-12 Months Premium Infant Formula",
      "displayName": "900g",
      "availability": [
        "IN_STORE",
        "ONLINE"
      ],
      "saleType": "UNITS",
      "restrictedFlag": false,
      "liquorFlag": false,
      "tobaccoFlag": false,
      "originRegulated": false,
      "singlePrice": {
        "price": 3059,
        "comparativePrice": {
          "pricePerUnit": 340,
          "unitQuantity": 100,
          "unitQuantityUom": "g",
          "measureDescription": "100g"
        }
      },
      "facets": [
        {
          "itemCode": "00020012",
          "itemDescription": "Non-GMO"
        }
      ],
      "categoryTrees": [
        {
          "level0": "Baby, Toddler & Kids",
          "level1": "Baby Care",
          "level2": "Baby Formula & Toddler Food"
        }
      ],
      "cateredFlag": false
    },
    {
      "productId": "5314904-EA-000",
      "brand": "Aptamil",
      "name": "Sensitive 12+ Months Premium Toddler Nutritional Supplement",
      "displayName": "900g",
      "availability": [
        "IN_STORE",
        "ONLINE"
      ],
      "saleType": "UNITS",
      "restrictedFlag": false,
      "liquorFlag": false,
      "tobaccoFlag": false,
      "originRegulated": false,
      "singlePrice": {
        "price": 2789,
        "comparativePrice": {
          "pricePerUnit": 310,
          "unitQuantity": 100,
          "unitQuantityUom": "g",
          "measureDescription": "100g"
        }
      },
      "facets": [
        {
          "itemCode": "00020012",
          "itemDescription": "Non-GMO"
        }
      ],
      "categoryTrees": [
        {
          "level0": "Baby, Toddler & Kids",
          "level1": "Baby Care",
          "level2": "Baby Formula & Toddler Food"
        }
      ],
      "cateredFlag": false
    },
    {
      "productId": "5314903-EA-000",
      "brand": "Aptamil",
      "name": "Dairy & Plant Blend Stage 3 12+ Months Nutritional Supplement",
      "displayName": "900g",
      "availability": [
        "IN_STORE",
        "ONLINE"
      ],
      "saleType": "UNITS",
      "restrictedFlag": false,
      "liquorFlag": false,
      "tobaccoFlag": false,
      "originRegulated": false,
      "singlePrice": {
        "price": 3059,
        "comparativePrice": {
          "pricePerUnit": 340,
          "unitQuantity": 100,
          "unitQuantityUom": "g",
          "measureDescription": "100g"
        }
      },
      "facets": [
        {
          "itemCode": "00020012",
          "itemDescription": "Non-GMO"
        }
      ],
      "categoryTrees": [
        {
          "level0": "Baby, Toddler & Kids",
          "level1": "Baby Care",
          "level2": "Baby Formula & Toddler Food"
        }
      ],
      "cateredFlag": false
    },
    {
      "productId": "5313682-EA-000",
      "brand": "Comfort",
      "name": "Classic Fresh In-Wash Scent Booster",
      "displayName": "200g",
      "availability": [
        "IN_STORE",
        "ONLINE"
      ],
      "saleType": "UNITS",
      "restrictedFlag": false,
      "liquorFlag": false,
      "tobaccoFlag": false,
      "originRegulated": false,
      "singlePrice": {
        "price": 1299,
        "comparativePrice": {
          "pricePerUnit": 650,
          "unitQuantity": 100,
          "unitQuantityUom": "g",
          "measureDescription": "100g"
        }
      },
      "categoryTrees": [
        {
          "level0": "Baby, Toddler & Kids",
          "level1": "Baby Care",
          "level2": "Baby Bathing & Skin Care"
        }
      ],
      "cateredFlag": false
    },
    {
      "productId": "5311934-EA-000",
      "brand": "Best",
      "name": "Extra Large Wipes",
      "displayName": "5pk",
      "availability": [
        "IN_STORE",
        "ONLINE"
      ],
      "saleType": "UNITS",
      "restrictedFlag": false,
      "liquorFlag": false,
      "tobaccoFlag": false,
      "originRegulated": false,
      "singlePrice": {
        "price": 399,
        "comparativePrice": {
          "pricePerUnit": 80,
          "unitQuantity": 1,
          "unitQuantityUom": "ea",
          "measureDescription": "ea"
        }
      },
      "categoryTrees": [
        {
          "level0": "Baby, Toddler & Kids",
          "level1": "Baby Care",
          "level2": "Baby Wipes"
        }
      ],
      "cateredFlag": false
    },
    {
      "productId": "5307416-EA-000",
      "brand": "Philips Avent",
      "name": "Ultra Air Pink Soother 0-6 Months",
      "displayName": "2pk",
      "availability": [
        "IN_STORE",
        "ONLINE"
      ],
      "saleType": "UNITS",
      "restrictedFlag": false,
      "liquorFlag": false,
      "tobaccoFlag": false,
      "originRegulated": false,
      "singlePrice": {
        "price": 1399
      },
      "categoryTrees": [
        {
          "level0": "Baby, Toddler & Kids",
          "level1": "Baby Care",
          "level2": "Baby Dental Care"
        }
      ],
      "cateredFlag": false
    },
    {
      "productId": "5307327-EA-000",
      "brand": "Philips Avent",
      "name": "Ultra Air Blue Soother 0-6 Months",
      "displayName": "2pk",
      "availability": [
        "IN_STORE",
        "ONLINE"
      ],
      "saleType": "UNITS",
      "restrictedFlag": false,
      "liquorFlag": false,
      "tobaccoFlag": false,
      "originRegulated": false,
      "singlePrice": {
        "price": 1399
      },
      "categoryTrees": [
        {
          "level0": "Baby, Toddler & Kids",
          "level1": "Baby Care",
          "level2": "Nursing & Feeding"
        }
      ],
      "cateredFlag": false
    },
    {
      "productId": "5307021-EA-000",
      "brand": "Tommee Tippee",
      "name": "Superstar Weighted Straw Cup 6m+ 300ml",
      "displayName": "1pk",
      "availability": [
        "IN_STORE",
        "ONLINE"
      ],
      "saleType": "UNITS",
      "restrictedFlag": false,
      "liquorFlag": false,
      "tobaccoFlag": false,
      "originRegulated": false,
      "singlePrice": {
        "price": 1199
      },
      "categoryTrees": [
        {
          "level0": "Baby, Toddler & Kids",
          "level1": "Baby Care",
          "level2": "Baby Health"
        }
      ],
      "cateredFlag": false
    },
    {
      "productId": "5307020-EA-000",
      "brand": "Tommee Tippee",
      "name": "Superstar Sippee Cup 12m+ 390ml",
      "displayName": "1pk",
      "availability": [
        "IN_STORE",
        "ONLINE"
      ],
      "saleType": "UNITS",
      "restrictedFlag": false,
      "liquorFlag": false,
      "tobaccoFlag": false,
      "originRegulated": false,
      "singlePrice": {
        "price": 1199
      },
      "categoryTrees": [
        {
          "level0": "Baby, Toddler & Kids",
          "level1": "Baby Care",
          "level2": "Baby Health"
        }
      ],
      "cateredFlag": false
    },
    {
      "productId": "5307019-EA-000",
      "brand": "Tommee Tippee",
      "name": "Superstar Sportee Bottle 12m+ 390ml",
      "displayName": "1pk",
      "availability": [
        "IN_STORE",
        "ONLINE"
      ],
      "saleType": "UNITS",
      "restrictedFlag": false,
      "liquorFlag": false,
      "tobaccoFlag": false,
      "originRegulated": false,
      "singlePrice": {
        "price": 1249,
        "promoId": "128901438"
      },
      "promotions": [
        {
          "promoId": "128901438",
          "rewardValue": 1249,
          "decal": "6000",
          "sapType": "BASE",
          "rewardType": "NEW_PRICE",
          "threshold": 1,
          "limit": 0,
          "multiProducts": false,
          "cardDependencyFlag": false,
          "bestPromotion": true
        }
      ],
      "categoryTrees": [
        {
          "level0": "Baby, Toddler & Kids",
          "level1": "Baby Care",
          "level2": "Baby Health"
        }
      ],
      "cateredFlag": false
    },
    {
      "productId": "5307018-EA-000",
      "brand": "Tommee Tippee",
      "name": "Superstar raining Sippee Cup 6m+ 300ml",
      "displayName": "1pk",
      "availability": [
        "IN_STORE",
        "ONLINE"
      ],
      "saleType": "UNITS",
      "restrictedFlag": false,
      "liquorFlag": false,
      "tobaccoFlag": false,
      "originRegulated": false,
      "singlePrice": {
        "price": 1199
      },
      "categoryTrees": [
        {
          "level0": "Baby, Toddler & Kids",
          "level1": "Baby Care",
          "level2": "Baby Health"
        }
      ],
      "cateredFlag": false
    },
    {
      "productId": "5306112-EA-000",
      "brand": "Huggies",
      "name": "DryNites Night Time Pants for Girls 4-7 Years 17-30kg",
      "displayName": "9pk",
      "availability": [
        "IN_STORE",
        "ONLINE"
      ],
      "saleType": "UNITS",
      "restrictedFlag": false,
      "liquorFlag": false,
      "tobaccoFlag": false,
      "originRegulated": false,
      "singlePrice": {
        "price": 1179,
        "comparativePrice": {
          "pricePerUnit": 131,
          "unitQuantity": 1,
          "unitQuantityUom": "ea",
          "measureDescription": "ea"
        }
      },
      "categoryTrees": [
        {
          "level0": "Baby, Toddler & Kids",
          "level1": "Baby Care",
          "level2": "Nappies & Changing"
        }
      ],
      "cateredFlag": false
    },
    {
      "productId": "5306110-EA-000",
      "brand": "Huggies",
      "name": "DryNites Night Time Pants for Boys 2-4 Years 13-20kg",
      "displayName": "10pk",
      "availability": [
        "IN_STORE",
        "ONLINE"
      ],
      "saleType": "UNITS",
      "restrictedFlag": false,
      "liquorFlag": false,
      "tobaccoFlag": false,
      "originRegulated": false,
      "singlePrice": {
        "price": 1179,
        "comparativePrice": {
          "pricePerUnit": 118,
          "unitQuantity": 1,
          "unitQuantityUom": "ea",
          "measureDescription": "ea"
        }
      },
      "categoryTrees": [
        {
          "level0": "Baby, Toddler & Kids",
          "level1": "Baby Care",
          "level2": "Nappies & Changing"
        }
      ],
      "cateredFlag": false
    },
    {
      "productId": "5305182-EA-000",
      "brand": "Huggies",
      "name": "DryNites Night Time Pants for Boys 4-7 Years 17-30kg",
      "displayName": "9pk",
      "availability": [
        "IN_STORE",
        "ONLINE"
      ],
      "saleType": "UNITS",
      "restrictedFlag": false,
      "liquorFlag": false,
      "tobaccoFlag": false,
      "originRegulated": false,
      "singlePrice": {
        "price": 1179,
        "comparativePrice": {
          "pricePerUnit": 131,
          "unitQuantity": 1,
          "unitQuantityUom": "ea",
          "measureDescription": "ea"
        }
      },
      "categoryTrees": [
        {
          "level0": "Baby, Toddler & Kids",
          "level1": "Baby Care",
          "level2": "Nappies & Changing"
        }
      ],
      "cateredFlag": false
    },
    {
      "productId": "5305180-EA-000",
      "brand": "Huggies",
      "name": "DryNites Night Time Pants for Girls 2-4 Years 13-20kg",
      "displayName": "10pk",
      "availability": [
        "IN_STORE",
        "ONLINE"
      ],
      "saleType": "UNITS",
      "restrictedFlag": false,
      "liquorFlag": false,
      "tobaccoFlag": false,
      "originRegulated": false,
      "singlePrice": {
        "price": 1179,
        "comparativePrice": {
          "pricePerUnit": 118,
          "unitQuantity": 1,
          "unitQuantityUom": "ea",
          "measureDescription": "ea"
        }
      },
      "categoryTrees": [
        {
          "level0": "Baby, Toddler & Kids",
          "level1": "Baby Care",
          "level2": "Nappies & Changing"
        }
      ],
      "cateredFlag": false
    },
    {
      "productId": "5304507-EA-000",
      "brand": "Only Organic",
      "name": "Iron Enriched Banana Porridge 6+ Months",
      "displayName": "120g",
      "availability": [
        "IN_STORE",
        "ONLINE"
      ],
      "saleType": "UNITS",
      "restrictedFlag": false,
      "liquorFlag": false,
      "tobaccoFlag": false,
      "originRegulated": false,
      "singlePrice": {
        "price": 469,
        "comparativePrice": {
          "pricePerUnit": 391,
          "unitQuantity": 100,
          "unitQuantityUom": "g",
          "measureDescription": "100g"
        }
      },
      "facets": [
        {
          "itemCode": "00020001",
          "itemDescription": "Organic"
        }
      ],
      "categoryTrees": [
        {
          "level0": "Baby, Toddler & Kids",
          "level1": "Baby Care",
          "level2": "Baby Formula & Toddler Food"
        }
      ],
      "cateredFlag": false
    },
    {
      "productId": "5303869-EA-000",
      "brand": "Huggies",
      "name": "DryNites Night Time Pants for Boys 8-15 Years 27-57kg",
      "displayName": "8pk",
      "availability": [
        "IN_STORE",
        "ONLINE"
      ],
      "saleType": "UNITS",
      "restrictedFlag": false,
      "liquorFlag": false,
      "tobaccoFlag": false,
      "originRegulated": false,
      "singlePrice": {
        "price": 1179,
        "comparativePrice": {
          "pricePerUnit": 147,
          "unitQuantity": 1,
          "unitQuantityUom": "ea",
          "measureDescription": "ea"
        }
      },
      "categoryTrees": [
        {
          "level0": "Baby, Toddler & Kids",
          "level1": "Baby Care",
          "level2": "Nappies & Changing"
        }
      ],
      "cateredFlag": false
    },
    {
      "productId": "5303867-EA-000",
      "brand": "Huggies",
      "name": "DryNites Night Time Pants for Girls 8-15 Years 27-57kg",
      "displayName": "8pk",
      "availability": [
        "IN_STORE",
        "ONLINE"
      ],
      "saleType": "UNITS",
      "restrictedFlag": false,
      "liquorFlag": false,
      "tobaccoFlag": false,
      "originRegulated": false,
      "singlePrice": {
        "price": 1179,
        "comparativePrice": {
          "pricePerUnit": 147,
          "unitQuantity": 1,
          "unitQuantityUom": "ea",
          "measureDescription": "ea"
        }
      },
      "categoryTrees": [
        {
          "level0": "Baby, Toddler & Kids",
          "level1": "Baby Care",
          "level2": "Nappies & Changing"
        }
      ],
      "cateredFlag": false
    },
    {
      "productId": "5303857-EA-000",
      "brand": "Huggies",
      "name": "Thick Baby Wipes",
      "displayName": "72pk",
      "availability": [
        "IN_STORE",
        "ONLINE"
      ],
      "saleType": "UNITS",
      "restrictedFlag": false,
      "liquorFlag": false,
      "tobaccoFlag": false,
      "originRegulated": false,
      "singlePrice": {
        "price": 399,
        "comparativePrice": {
          "pricePerUnit": 554,
          "unitQuantity": 100,
          "unitQuantityUom": " ",
          "measureDescription": "100"
        }
      },
      "categoryTrees": [
        {
          "level0": "Baby, Toddler & Kids",
          "level1": "Baby Care",
          "level2": "Baby Wipes"
        }
      ],
      "cateredFlag": false
    },
    {
      "productId": "5303042-EA-000",
      "brand": "Little Bellies",
      "name": "Organic Banana Pick-Up Sticks 7+ Months",
      "displayName": "16g",
      "availability": [
        "IN_STORE",
        "ONLINE"
      ],
      "saleType": "UNITS",
      "restrictedFlag": false,
      "liquorFlag": false,
      "tobaccoFlag": false,
      "originRegulated": false,
      "singlePrice": {
        "price": 379,
        "comparativePrice": {
          "pricePerUnit": 2369,
          "unitQuantity": 100,
          "unitQuantityUom": "g",
          "measureDescription": "100g"
        }
      },
      "facets": [
        {
          "itemCode": "00020001",
          "itemDescription": "Organic"
        }
      ],
      "categoryTrees": [
        {
          "level0": "Baby, Toddler & Kids",
          "level1": "Baby Care",
          "level2": "Baby Formula & Toddler Food"
        }
      ],
      "cateredFlag": false
    },
    {
      "productId": "5301940-EA-000",
      "brand": "Ecostore",
      "name": "Baby Shampoo",
      "displayName": "500ml",
      "availability": [
        "IN_STORE",
        "ONLINE"
      ],
      "saleType": "UNITS",
      "restrictedFlag": false,
      "liquorFlag": false,
      "tobaccoFlag": false,
      "originRegulated": false,
      "singlePrice": {
        "price": 1399,
        "comparativePrice": {
          "pricePerUnit": 280,
          "unitQuantity": 100,
          "unitQuantityUom": "ml",
          "measureDescription": "100ml"
        }
      },
      "facets": [
        {
          "itemCode": "00020001",
          "itemDescription": "Organic"
        }
      ],
      "categoryTrees": [
        {
          "level0": "Baby, Toddler & Kids",
          "level1": "Baby Care",
          "level2": "Baby Hair Care"
        }
      ],
      "cateredFlag": false
    },
    {
      "productId": "5300016-EA-000",
      "brand": "Karicare",
      "name": "Goat Milk 2 Baby Follow-On Formula From 6-12 Months",
      "displayName": "900g",
      "availability": [
        "IN_STORE",
        "ONLINE"
      ],
      "saleType": "UNITS",
      "restrictedFlag": false,
      "liquorFlag": false,
      "tobaccoFlag": false,
      "originRegulated": false,
      "singlePrice": {
        "price": 4629,
        "comparativePrice": {
          "pricePerUnit": 514,
          "unitQuantity": 100,
          "unitQuantityUom": "g",
          "measureDescription": "100g"
        }
      },
      "facets": [
        {
          "itemCode": "00020012",
          "itemDescription": "Non-GMO"
        }
      ],
      "categoryTrees": [
        {
          "level0": "Baby, Toddler & Kids",
          "level1": "Baby Care",
          "level2": "Baby Formula & Toddler Food"
        }
      ],
      "cateredFlag": false
    },
    {
      "productId": "5299740-EA-000",
      "brand": "Karicare",
      "name": "Goat Milk 1 Baby Infant Formula From Birth to 6 Months",
      "displayName": "900g",
      "availability": [
        "IN_STORE",
        "ONLINE"
      ],
      "saleType": "UNITS",
      "restrictedFlag": false,
      "liquorFlag": false,
      "tobaccoFlag": false,
      "originRegulated": false,
      "singlePrice": {
        "price": 4629,
        "comparativePrice": {
          "pricePerUnit": 514,
          "unitQuantity": 100,
          "unitQuantityUom": "g",
          "measureDescription": "100g"
        }
      },
      "facets": [
        {
          "itemCode": "00020012",
          "itemDescription": "Non-GMO"
        }
      ],
      "categoryTrees": [
        {
          "level0": "Baby, Toddler & Kids",
          "level1": "Baby Care",
          "level2": "Baby Formula & Toddler Food"
        }
      ],
      "cateredFlag": false
    },
    {
      "productId": "5299739-EA-000",
      "brand": "Karicare",
      "name": "Goat Milk 3 Toddler Milk Drink For 12+ Months",
      "displayName": "900g",
      "availability": [
        "IN_STORE",
        "ONLINE"
      ],
      "saleType": "UNITS",
      "restrictedFlag": false,
      "liquorFlag": false,
      "tobaccoFlag": false,
      "originRegulated": false,
      "singlePrice": {
        "price": 4629,
        "comparativePrice": {
          "pricePerUnit": 514,
          "unitQuantity": 100,
          "unitQuantityUom": "g",
          "measureDescription": "100g"
        }
      },
      "facets": [
        {
          "itemCode": "00020012",
          "itemDescription": "Non-GMO"
        }
      ],
      "categoryTrees": [
        {
          "level0": "Baby, Toddler & Kids",
          "level1": "Baby Care",
          "level2": "Baby Formula & Toddler Food"
        }
      ],
      "cateredFlag": false
    },
    {
      "productId": "5299681-EA-000",
      "brand": "Pams",
      "name": "Nappy Pants 13-18kg Walker",
      "displayName": "40pk",
      "availability": [
        "IN_STORE",
        "ONLINE"
      ],
      "saleType": "UNITS",
      "restrictedFlag": false,
      "liquorFlag": false,
      "tobaccoFlag": false,
      "originRegulated": false,
      "singlePrice": {
        "price": 1699,
        "comparativePrice": {
          "pricePerUnit": 42,
          "unitQuantity": 1,
          "unitQuantityUom": "ea",
          "measureDescription": "ea"
        }
      },
      "facets": [
        {
          "itemCode": "00020007",
          "itemDescription": "Dairy Free"
        },
        {
          "itemCode": "00020012",
          "itemDescription": "Non-GMO"
        }
      ],
      "categoryTrees": [
        {
          "level0": "Baby, Toddler & Kids",
          "level1": "Baby Care",
          "level2": "Nappies & Changing"
        }
      ],
      "cateredFlag": false
    },
    {
      "productId": "5299680-EA-000",
      "brand": "Pams",
      "name": "Nappy Pants Boys & Girls 16kg+ Junior",
      "displayName": "36pk",
      "availability": [
        "IN_STORE",
        "ONLINE"
      ],
      "saleType": "UNITS",
      "restrictedFlag": false,
      "liquorFlag": false,
      "tobaccoFlag": false,
      "originRegulated": false,
      "singlePrice": {
        "price": 1699,
        "comparativePrice": {
          "pricePerUnit": 47,
          "unitQuantity": 1,
          "unitQuantityUom": "ea",
          "measureDescription": "ea"
        }
      },
      "facets": [
        {
          "itemCode": "00020007",
          "itemDescription": "Dairy Free"
        },
        {
          "itemCode": "00020012",
          "itemDescription": "Non-GMO"
        }
      ],
      "categoryTrees": [
        {
          "level0": "Baby, Toddler & Kids",
          "level1": "Baby Care",
          "level2": "Nappies & Changing"
        }
      ],
      "cateredFlag": false
    },
    {
      "productId": "5299679-EA-000",
      "brand": "Pams",
      "name": "Nappies 13-18kg Walker",
      "displayName": "44pk",
      "availability": [
        "IN_STORE",
        "ONLINE"
      ],
      "saleType": "UNITS",
      "restrictedFlag": false,
      "liquorFlag": false,
      "tobaccoFlag": false,
      "originRegulated": false,
      "singlePrice": {
        "price": 1699,
        "comparativePrice": {
          "pricePerUnit": 39,
          "unitQuantity": 1,
          "unitQuantityUom": "ea",
          "measureDescription": "ea"
        }
      },
      "facets": [
        {
          "itemCode": "00020012",
          "itemDescription": "Non-GMO"
        },
        {
          "itemCode": "00020007",
          "itemDescription": "Dairy Free"
        }
      ],
      "categoryTrees": [
        {
          "level0": "Baby, Toddler & Kids",
          "level1": "Baby Care",
          "level2": "Nappies & Changing"
        }
      ],
      "cateredFlag": false
    },
    {
      "productId": "5298620-EA-000",
      "brand": "Pams",
      "name": "100% Sustainable Bamboo Water Wipes",
      "displayName": "72pk",
      "availability": [
        "IN_STORE",
        "ONLINE"
      ],
      "saleType": "UNITS",
      "restrictedFlag": false,
      "liquorFlag": false,
      "tobaccoFlag": false,
      "originRegulated": false,
      "singlePrice": {
        "price": 349,
        "promoId": "129017885",
        "comparativePrice": {
          "pricePerUnit": 485,
          "unitQuantity": 100,
          "unitQuantityUom": " ",
          "measureDescription": "100"
        }
      },
      "promotions": [
        {
          "promoId": "129017885",
          "rewardValue": 349,
          "decal": "6000",
          "sapType": "BASE",
          "rewardType": "NEW_PRICE",
          "threshold": 1,
          "limit": 0,
          "multiProducts": false,
          "cardDependencyFlag": false,
          "bestPromotion": true,
          "comparativePrice": {
            "pricePerUnit": 485,
            "unitQuantity": 100,
            "unitQuantityUom": " ",
            "measureDescription": "100"
          }
        }
      ],
      "facets": [
        {
          "itemCode": "00020007",
          "itemDescription": "Dairy Free"
        },
        {
          "itemCode": "00020012",
          "itemDescription": "Non-GMO"
        }
      ],
      "categoryTrees": [
        {
          "level0": "Baby, Toddler & Kids",
          "level1": "Baby Care",
          "level2": "Baby Wipes"
        }
      ],
      "cateredFlag": false
    },
    {
      "productId": "5291409-EA-000",
      "brand": "Kiddylicious",
      "name": "Rasberry Wafers",
      "displayName": "4 x 4g",
      "availability": [
        "IN_STORE",
        "ONLINE"
      ],
      "saleType": "UNITS",
      "restrictedFlag": false,
      "liquorFlag": false,
      "tobaccoFlag": false,
      "originRegulated": false,
      "singlePrice": {
        "price": 289,
        "promoId": "128923544",
        "comparativePrice": {
          "pricePerUnit": 1806,
          "unitQuantity": 100,
          "unitQuantityUom": "g",
          "measureDescription": "100g"
        }
      },
      "promotions": [
        {
          "promoId": "128923544",
          "rewardValue": 289,
          "decal": "6000",
          "sapType": "BASE",
          "rewardType": "NEW_PRICE",
          "threshold": 1,
          "limit": 0,
          "multiProducts": false,
          "cardDependencyFlag": false,
          "bestPromotion": true,
          "comparativePrice": {
            "pricePerUnit": 1806,
            "unitQuantity": 100,
            "unitQuantityUom": "g",
            "measureDescription": "100g"
          }
        }
      ],
      "facets": [
        {
          "itemCode": "00020012",
          "itemDescription": "Non-GMO"
        }
      ],
      "categoryTrees": [
        {
          "level0": "Baby, Toddler & Kids",
          "level1": "Baby Care",
          "level2": "Baby Formula & Toddler Food"
        }
      ],
      "cateredFlag": false
    },
    {
      "productId": "5288076-EA-000",
      "brand": "Tommee Tippee",
      "name": "Big Kids First Cutlery Set 12m+",
      "displayName": "1pk",
      "availability": [
        "IN_STORE",
        "ONLINE"
      ],
      "saleType": "UNITS",
      "restrictedFlag": false,
      "liquorFlag": false,
      "tobaccoFlag": false,
      "originRegulated": false,
      "singlePrice": {
        "price": 1399
      },
      "categoryTrees": [
        {
          "level0": "Baby, Toddler & Kids",
          "level1": "Baby Care",
          "level2": "Baby Health"
        }
      ],
      "cateredFlag": false
    },
    {
      "productId": "5286698-EA-000",
      "brand": "Rocco & Tolly",
      "name": "Facewashers",
      "displayName": "5pk",
      "availability": [
        "IN_STORE",
        "ONLINE"
      ],
      "saleType": "UNITS",
      "restrictedFlag": false,
      "liquorFlag": false,
      "tobaccoFlag": false,
      "originRegulated": false,
      "singlePrice": {
        "price": 549
      },
      "categoryTrees": [
        {
          "level0": "Baby, Toddler & Kids",
          "level1": "Baby Care",
          "level2": "Baby Health"
        }
      ],
      "cateredFlag": false
    }
  ],
  "algoliaSearchResult": {
    "facets": {
      "brand": {
        "Huggies": 63,
        "Only Organic": 26,
        "Pams": 18,
        "Wattie's": 18,
        "Rascals": 15,
        "Silk": 13,
        "Aptamil": 12,
        "Karicare": 12,
        "Tommee Tippee": 11,
        "Johnson's": 10,
        "Little Bellies": 10,
        "Natureland": 9,
        "Nuby": 9,
        "Philips Avent": 9,
        "Aveeno": 7,
        "S-26": 6,
        "Kiddylicious": 4,
        "Bubs": 3,
        "Ecostore": 3,
        "Farex": 3,
        "Heinz": 3,
        "Johnson's Baby": 3,
        "Petite Eats": 3,
        "Baby Mum-Mum": 2,
        "Baby Steps": 2,
        "Bepanthen": 2,
        "Cetaphil": 2,
        "Colgate": 2,
        "Lansinoh": 2,
        "Rafferty's Garden": 2,
        "Best": 1,
        "Comfort": 1,
        "Curash": 1,
        "Earthsmart": 1,
        "Friends": 1,
        "Funtime": 1,
        "Haven": 1,
        "Korbond": 1,
        "Little Quacker": 1,
        "Milton Anti-Bac": 1,
        "Paseo": 1,
        "Rascal and Friends": 1,
        "Rocco & Tolly": 1,
        "Sudocrem": 1,
        "Vaseline": 1,
        "Vicks": 1,
        "Zuru": 1
      },
      "category1NI": {
        "Baby Care": 301,
        "Pams": 5,
        "Beauty & Grooming": 1,
        "Health & Wellness": 1,
        "Household": 1
      },
      "onPromotion": {
        "21ecaaed-0749-4492-985e-4bb7ba43d59c": 99,
        "c3f9e1a3-fc34-452d-af2e-95349e666ba4": 93,
        "3c5e3145-0767-4066-9349-6c0a1313acc5": 90,
        "61dd754e-8525-4b9e-9e08-173389eea8a8": 87,
        "2ed73be8-936d-4f35-9398-75a707f40a7b": 86,
        "5cf0392f-c187-4fc4-a463-eb269d2e8f45": 86,
        "90082979-fb9f-4305-9c72-83274fc438cc": 86,
        "b29a98bd-749c-489c-9eef-6aa38e66a29b": 86,
        "be4c4780-218e-425a-a90f-63e21773572b": 86,
        "d8032da3-c1b9-456e-b626-41ce21f8c67b": 86,
        "715f0e22-95e0-45ce-af3a-07057209976e": 83,
        "4a279605-eaa8-470d-bcd4-0a9e3c9ab43b": 80,
        "8cd700ae-d96f-4761-bd7a-805d6b93536d": 80,
        "7d48a781-4f68-4c91-a908-8659e1b22f95": 79,
        "dbca5e00-f7f9-43ae-91de-031ad16f8a92": 79,
        "5f167936-79ae-4f6a-b9d2-74afe1bb096b": 70,
        "33d8d6fc-861a-45ff-9937-5ccdb55eaede": 67,
        "64eab5b1-8d79-45f4-94f1-02b8cf8b6202": 67,
        "98ec3885-ac93-4fcb-807b-59c9055c52c4": 67,
        "92086ded-a55d-4241-a364-7d7ea91531b4": 64,
        "d6d39eea-889d-4e20-923c-55cab225cf7f": 64,
        "01a114de-149c-4f5f-80a1-90cc63f69c6e": 63,
        "714431ab-6e39-4df6-ac77-cfc5c1e25bc8": 63,
        "8f0d70be-5cb7-464b-99cb-8b0130671895": 63,
        "b92cc33f-b5a8-4b57-9b82-412946800020": 62,
        "e1925ea7-01bc-4358-ae7c-c6502da5ab12": 62,
        "529d66cc-60e3-432e-b8d1-efc9f2ec4919": 59,
        "65defcf2-bc15-490e-a84f-1f13b769cd22": 59,
        "3bb30799-82ce-4648-8c02-5113228963ed": 58,
        "6e6809dd-01bc-45c9-aab1-f01ccd8338b0": 58,
        "a7d09522-bee2-41e4-8fe0-0b82b7f342f5": 58,
        "3404c253-577f-45ca-b301-c98312e46efb": 57,
        "53989945-1a28-481d-a61c-d6f75f760ada": 57,
        "15e6f441-5c1c-4d25-b4ec-1adf918c49c7": 55,
        "60561e46-ece7-43a7-b142-9b14812586e4": 54,
        "b2e98a14-c8ca-401e-99ed-edf74570c6f6": 54,
        "48dd98cc-a757-4102-b15d-ea82b4b10571": 53,
        "49037947-e450-49bf-ba1f-a94551c79a72": 53,
        "4fcc1c8e-cc5e-4675-ba25-5e56b579cf69": 53,
        "6cda96e1-7d29-44a6-956b-3fcfdecc8184": 53,
        "b83029b6-5dd5-449e-8056-26f3943a4e18": 53,
        "1c388d5e-29ac-4956-b476-cb3431353d2e": 52,
        "9cd8eb60-3222-4efc-bd7c-50e03e6a81a4": 50,
        "c0f80e87-16be-4488-9553-da437e8c6c2a": 50,
        "50b1216b-d066-4457-b88b-9bccf97bf6d3": 49,
        "6c73764e-b8e6-4e55-ad37-f6a9d207da1f": 49,
        "b39562a4-2b72-43fe-b9ba-eda1d651ad0b": 49,
        "3bfe040b-f0c9-45e0-949b-b9ad5a591d55": 48,
        "94ef1985-cab1-4b39-a2f3-230120f03c16": 47,
        "c2204dae-579e-4b6b-9d42-2e13ceaa6031": 47,
        "3e82142c-78dc-46f3-82ec-28e65fcf84c9": 44,
        "c180a72d-5dbe-4403-b7c7-91655e505492": 44,
        "af385423-d0f1-41f0-9482-ffd10b745143": 41,
        "076e8177-943b-41fc-a885-ba3d28297acf": 38,
        "d1cd1fdd-8767-46a6-a8d3-c3e0632c2dc8": 38
      },
      "productFacets": {
        "Non-GMO": 127,
        "Organic": 46,
        "Dairy Free": 20,
        "Gluten Free": 10,
        "Vegan": 3,
        "Free Range": 2,
        "Halal": 2
      }
    }
  },
  "totalHits": 301,
  "page": 5,
  "totalPages": 7,
  "hitsPerPage": 50
}
