{
  "tobaccoProducts": false,
  "products": [
    {
      "productId": "5267852-EA-000",
      "brand": "Only Organic",
      "name": "Banana Mixed Berry Coconut & Chia Kindy 1+ Years",
      "displayName": "100g",
      "availability": [
        "IN_STORE",
        "ONLINE"
      ],
      "saleType": "UNITS",
      "restrictedFlag": false,
      "liquorFlag": false,
      "tobaccoFlag": false,
      "originRegulated": false,
      "singlePrice": {
        "price": 199,
        "promoId": "128943390",
        "comparativePrice": {
          "pricePerUnit": 199,
          "unitQuantity": 100,
          "unitQuantityUom": "g",
          "measureDescription": "100g"
        }
      },
      "promotions": [
        {
          "promoId": "128943390",
          "rewardValue": 199,
          "decal": "6000",
          "sapType": "BASE",
          "rewardType": "NEW_PRICE",
          "threshold": 1,
          "limit": 0,
          "multiProducts": false,
          "cardDependencyFlag": false,
          "bestPromotion": true,
          "comparativePrice": {
            "pricePerUnit": 199,
            "unitQuantity": 100,
            "unitQuantityUom": "g",
            "measureDescription": "100g"
          }
        }
      ],
      "facets": [
        {
          "itemCode": "00020001",
          "itemDescription": "Organic"
        }
      ],
      "categoryTrees": [
        {
          "level0": "Baby, Toddler & Kids",
          "level1": "Baby Care",
          "level2": "Baby Formula & Toddler Food"
        }
      ],
      "cateredFlag": false
    },
    {
      "productId": "5215864-EA-000",
      "brand": "Pams",
      "name": "Nappies 10-14kg Toddler",
      "displayName": "14pk",
      "availability": [
        "IN_STORE",
        "ONLINE"
      ],
      "saleType": "UNITS",
      "restrictedFlag": false,
      "liquorFlag": false,
      "tobaccoFlag": false,
      "originRegulated": false,
      "singlePrice": {
        "price": 589,
        "comparativePrice": {
          "pricePerUnit": 42,
          "unitQuantity": 1,
          "unitQuantityUom": "ea",
          "measureDescription": "ea"
        }
      },
      "facets": [
        {
          "itemCode": "00020007",
          "itemDescription": "Dairy Free"
        },
        {
          "itemCode": "00020012",
          "itemDescription": "Non-GMO"
        }
      ],
      "categoryTrees": [
        {
          "level0": "Baby, Toddler & Kids",
          "level1": "Baby Care",
          "level2": "Nappies & Changing"
        },
        {
          "level0": "Featured",
          "level1": "Pams",
          "level2": "Baby Care"
        }
      ],
      "cateredFlag": false
    },
    {
      "productId": "5009804-EA-000",
      "brand": "Wattie's",
      "name": "For Baby Pumpkin Potato & Beef 6-7 Months",
      "displayName": "120g",
      "availability": [
        "IN_STORE",
        "ONLINE"
      ],
      "saleType": "UNITS",
      "restrictedFlag": false,
      "liquorFlag": false,
      "tobaccoFlag": false,
      "originRegulated": false,
      "singlePrice": {
        "price": 119,
        "promoId": "128929023",
        "comparativePrice": {
          "pricePerUnit": 99,
          "unitQuantity": 100,
          "unitQuantityUom": "g",
          "measureDescription": "100g"
        }
      },
      "promotions": [
        {
          "promoId": "128929023",
          "rewardValue": 119,
          "decal": "6000",
          "sapType": "BASE",
          "rewardType": "NEW_PRICE",
          "threshold": 1,
          "limit": 0,
          "multiProducts": false,
          "cardDependencyFlag": false,
          "bestPromotion": true,
          "comparativePrice": {
            "pricePerUnit": 99,
            "unitQuantity": 100,
            "unitQuantityUom": "g",
            "measureDescription": "100g"
          }
        }
      ],
      "facets": [
        {
          "itemCode": "00020012",
          "itemDescription": "Non-GMO"
        }
      ],
      "categoryTrees": [
        {
          "level0": "Baby, Toddler & Kids",
          "level1": "Baby Care",
          "level2": "Baby Formula & Toddler Food"
        }
      ],
      "cateredFlag": false
    },
    {
      "productId": "5018088-EA-000",
      "brand": "Only Organic",
      "name": "Pear & Mango 4+ Months",
      "displayName": "120g",
      "availability": [
        "IN_STORE",
        "ONLINE"
      ],
      "saleType": "UNITS",
      "restrictedFlag": false,
      "liquorFlag": false,
      "tobaccoFlag": false,
      "originRegulated": false,
      "singlePrice": {
        "price": 189,
        "comparativePrice": {
          "pricePerUnit": 158,
          "unitQuantity": 100,
          "unitQuantityUom": "g",
          "measureDescription": "100g"
        }
      },
      "facets": [
        {
          "itemCode": "00020001",
          "itemDescription": "Organic"
        },
        {
          "itemCode": "00020012",
          "itemDescription": "Non-GMO"
        },
        {
          "itemCode": "00020004",
          "itemDescription": "Gluten Free"
        }
      ],
      "categoryTrees": [
        {
          "level0": "Baby, Toddler & Kids",
          "level1": "Baby Care",
          "level2": "Baby Formula & Toddler Food"
        }
      ],
      "cateredFlag": false
    },
    {
      "productId": "5018085-EA-000",
      "brand": "Only Organic",
      "name": "Vanilla Bean Custard 6+ Months",
      "displayName": "120g",
      "availability": [
        "IN_STORE",
        "ONLINE"
      ],
      "saleType": "UNITS",
      "restrictedFlag": false,
      "liquorFlag": false,
      "tobaccoFlag": false,
      "originRegulated": false,
      "singlePrice": {
        "price": 189,
        "comparativePrice": {
          "pricePerUnit": 158,
          "unitQuantity": 100,
          "unitQuantityUom": "g",
          "measureDescription": "100g"
        }
      },
      "facets": [
        {
          "itemCode": "00020012",
          "itemDescription": "Non-GMO"
        },
        {
          "itemCode": "00020004",
          "itemDescription": "Gluten Free"
        },
        {
          "itemCode": "00020001",
          "itemDescription": "Organic"
        }
      ],
      "categoryTrees": [
        {
          "level0": "Baby, Toddler & Kids",
          "level1": "Baby Care",
          "level2": "Baby Formula & Toddler Food"
        }
      ],
      "cateredFlag": false
    },
    {
      "productId": "5227031-EA-000",
      "brand": "Only Organic",
      "name": "Chicken Bolognese 10+ Months",
      "displayName": "170g",
      "availability": [
        "IN_STORE",
        "ONLINE"
      ],
      "saleType": "UNITS",
      "restrictedFlag": false,
      "liquorFlag": false,
      "tobaccoFlag": false,
      "originRegulated": false,
      "singlePrice": {
        "price": 279,
        "comparativePrice": {
          "pricePerUnit": 164,
          "unitQuantity": 100,
          "unitQuantityUom": "g",
          "measureDescription": "100g"
        }
      },
      "facets": [
        {
          "itemCode": "00020003",
          "itemDescription": "Free Range"
        },
        {
          "itemCode": "00020001",
          "itemDescription": "Organic"
        }
      ],
      "categoryTrees": [
        {
          "level0": "Baby, Toddler & Kids",
          "level1": "Baby Care",
          "level2": "Baby Formula & Toddler Food"
        }
      ],
      "cateredFlag": false
    },
    {
      "productId": "5236273-EA-000",
      "brand": "Karicare",
      "name": "1 Baby Infant Formula From Birth to 6 Months",
      "displayName": "900g",
      "availability": [
        "IN_STORE",
        "ONLINE"
      ],
      "saleType": "UNITS",
      "restrictedFlag": false,
      "liquorFlag": false,
      "tobaccoFlag": false,
      "originRegulated": false,
      "singlePrice": {
        "price": 2139,
        "comparativePrice": {
          "pricePerUnit": 238,
          "unitQuantity": 100,
          "unitQuantityUom": "g",
          "measureDescription": "100g"
        }
      },
      "facets": [
        {
          "itemCode": "00020012",
          "itemDescription": "Non-GMO"
        }
      ],
      "categoryTrees": [
        {
          "level0": "Baby, Toddler & Kids",
          "level1": "Baby Care",
          "level2": "Baby Formula & Toddler Food"
        }
      ],
      "cateredFlag": false
    },
    {
      "productId": "5265660-EA-000",
      "brand": "Wattie's",
      "name": "Organic Beef Butternut Pumpkin & Rice With Spinach 6+ Months Pureed",
      "displayName": "120g",
      "availability": [
        "IN_STORE",
        "ONLINE"
      ],
      "saleType": "UNITS",
      "restrictedFlag": false,
      "liquorFlag": false,
      "tobaccoFlag": false,
      "originRegulated": false,
      "singlePrice": {
        "price": 219,
        "comparativePrice": {
          "pricePerUnit": 183,
          "unitQuantity": 100,
          "unitQuantityUom": "g",
          "measureDescription": "100g"
        }
      },
      "facets": [
        {
          "itemCode": "00020001",
          "itemDescription": "Organic"
        },
        {
          "itemCode": "00020012",
          "itemDescription": "Non-GMO"
        }
      ],
      "categoryTrees": [
        {
          "level0": "Baby, Toddler & Kids",
          "level1": "Baby Care",
          "level2": "Baby Formula & Toddler Food"
        }
      ],
      "cateredFlag": false
    },
    {
      "productId": "5019784-EA-000",
      "brand": "Huggies",
      "name": "Cucumber & Aloe Thick Baby Wipes",
      "displayName": "240pk",
      "availability": [
        "IN_STORE",
        "ONLINE"
      ],
      "saleType": "UNITS",
      "restrictedFlag": false,
      "liquorFlag": false,
      "tobaccoFlag": false,
      "originRegulated": false,
      "singlePrice": {
        "price": 1399,
        "comparativePrice": {
          "pricePerUnit": 583,
          "unitQuantity": 100,
          "unitQuantityUom": " ",
          "measureDescription": "100"
        }
      },
      "categoryTrees": [
        {
          "level0": "Baby, Toddler & Kids",
          "level1": "Baby Care",
          "level2": "Baby Wipes"
        }
      ],
      "cateredFlag": false
    },
    {
      "productId": "5227038-EA-000",
      "brand": "Only Organic",
      "name": "Pumpkin Potato & Beef 8+ Months",
      "displayName": "170g",
      "availability": [
        "IN_STORE",
        "ONLINE"
      ],
      "saleType": "UNITS",
      "restrictedFlag": false,
      "liquorFlag": false,
      "tobaccoFlag": false,
      "originRegulated": false,
      "singlePrice": {
        "price": 279,
        "comparativePrice": {
          "pricePerUnit": 164,
          "unitQuantity": 100,
          "unitQuantityUom": "g",
          "measureDescription": "100g"
        }
      },
      "facets": [
        {
          "itemCode": "00020001",
          "itemDescription": "Organic"
        }
      ],
      "categoryTrees": [
        {
          "level0": "Baby, Toddler & Kids",
          "level1": "Baby Care",
          "level2": "Baby Formula & Toddler Food"
        }
      ],
      "cateredFlag": false
    },
    {
      "productId": "5226045-EA-000",
      "brand": "Little Bellies",
      "name": "Organic Banana Softcorn 10+ Months",
      "displayName": "8g",
      "availability": [
        "IN_STORE",
        "ONLINE"
      ],
      "saleType": "UNITS",
      "restrictedFlag": false,
      "liquorFlag": false,
      "tobaccoFlag": false,
      "originRegulated": false,
      "singlePrice": {
        "price": 199,
        "comparativePrice": {
          "pricePerUnit": 2488,
          "unitQuantity": 100,
          "unitQuantityUom": "g",
          "measureDescription": "100g"
        }
      },
      "facets": [
        {
          "itemCode": "00020001",
          "itemDescription": "Organic"
        }
      ],
      "categoryTrees": [
        {
          "level0": "Baby, Toddler & Kids",
          "level1": "Baby Care",
          "level2": "Baby Formula & Toddler Food"
        }
      ],
      "cateredFlag": false
    },
    {
      "productId": "5014786-EA-000",
      "brand": "Only Organic",
      "name": "Banana & Apple 4+ Months",
      "displayName": "120g",
      "availability": [
        "IN_STORE",
        "ONLINE"
      ],
      "saleType": "UNITS",
      "restrictedFlag": false,
      "liquorFlag": false,
      "tobaccoFlag": false,
      "originRegulated": false,
      "singlePrice": {
        "price": 189,
        "comparativePrice": {
          "pricePerUnit": 158,
          "unitQuantity": 100,
          "unitQuantityUom": "g",
          "measureDescription": "100g"
        }
      },
      "facets": [
        {
          "itemCode": "00020001",
          "itemDescription": "Organic"
        },
        {
          "itemCode": "00020012",
          "itemDescription": "Non-GMO"
        }
      ],
      "categoryTrees": [
        {
          "level0": "Baby, Toddler & Kids",
          "level1": "Baby Care",
          "level2": "Baby Formula & Toddler Food"
        }
      ],
      "cateredFlag": false
    },
    {
      "productId": "5226039-EA-000",
      "brand": "Little Bellies",
      "name": "Organic Pumpkin Round-A-Bouts 7+ Months",
      "displayName": "12g",
      "availability": [
        "IN_STORE",
        "ONLINE"
      ],
      "saleType": "UNITS",
      "restrictedFlag": false,
      "liquorFlag": false,
      "tobaccoFlag": false,
      "originRegulated": false,
      "singlePrice": {
        "price": 169,
        "promoId": "128878967",
        "comparativePrice": {
          "pricePerUnit": 1408,
          "unitQuantity": 100,
          "unitQuantityUom": "g",
          "measureDescription": "100g"
        }
      },
      "promotions": [
        {
          "promoId": "128878967",
          "rewardValue": 169,
          "decal": "6000",
          "sapType": "BASE",
          "rewardType": "NEW_PRICE",
          "threshold": 1,
          "limit": 0,
          "multiProducts": false,
          "cardDependencyFlag": false,
          "bestPromotion": true,
          "comparativePrice": {
            "pricePerUnit": 1408,
            "unitQuantity": 100,
            "unitQuantityUom": "g",
            "measureDescription": "100g"
          }
        }
      ],
      "facets": [
        {
          "itemCode": "00020001",
          "itemDescription": "Organic"
        }
      ],
      "categoryTrees": [
        {
          "level0": "Baby, Toddler & Kids",
          "level1": "Baby Care",
          "level2": "Baby Formula & Toddler Food"
        }
      ],
      "cateredFlag": false
    },
    {
      "productId": "5265666-EA-000",
      "brand": "Wattie's",
      "name": "Organic Apple Banana & Avocado 6+ Months Pureed",
      "displayName": "120g",
      "availability": [
        "IN_STORE",
        "ONLINE"
      ],
      "saleType": "UNITS",
      "restrictedFlag": false,
      "liquorFlag": false,
      "tobaccoFlag": false,
      "originRegulated": false,
      "singlePrice": {
        "price": 219,
        "comparativePrice": {
          "pricePerUnit": 183,
          "unitQuantity": 100,
          "unitQuantityUom": "g",
          "measureDescription": "100g"
        }
      },
      "facets": [
        {
          "itemCode": "00020001",
          "itemDescription": "Organic"
        },
        {
          "itemCode": "00020012",
          "itemDescription": "Non-GMO"
        }
      ],
      "categoryTrees": [
        {
          "level0": "Baby, Toddler & Kids",
          "level1": "Baby Care",
          "level2": "Baby Formula & Toddler Food"
        }
      ],
      "cateredFlag": false
    },
    {
      "productId": "5014787-EA-000",
      "brand": "Only Organic",
      "name": "Apple Peach & Apricot 4+ Months",
      "displayName": "120g",
      "availability": [
        "IN_STORE",
        "ONLINE"
      ],
      "saleType": "UNITS",
      "restrictedFlag": false,
      "liquorFlag": false,
      "tobaccoFlag": false,
      "originRegulated": false,
      "singlePrice": {
        "price": 189,
        "comparativePrice": {
          "pricePerUnit": 158,
          "unitQuantity": 100,
          "unitQuantityUom": "g",
          "measureDescription": "100g"
        }
      },
      "facets": [
        {
          "itemCode": "00020004",
          "itemDescription": "Gluten Free"
        },
        {
          "itemCode": "00020012",
          "itemDescription": "Non-GMO"
        },
        {
          "itemCode": "00020001",
          "itemDescription": "Organic"
        }
      ],
      "categoryTrees": [
        {
          "level0": "Baby, Toddler & Kids",
          "level1": "Baby Care",
          "level2": "Baby Formula & Toddler Food"
        }
      ],
      "cateredFlag": false
    },
    {
      "productId": "5213954-EA-000",
      "brand": "Rascals",
      "name": "Premium Nappies Unisex  Size 5 13-18kg Walker",
      "displayName": "32pk",
      "availability": [
        "IN_STORE",
        "ONLINE"
      ],
      "saleType": "UNITS",
      "restrictedFlag": false,
      "liquorFlag": false,
      "tobaccoFlag": false,
      "originRegulated": false,
      "singlePrice": {
        "price": 1799,
        "comparativePrice": {
          "pricePerUnit": 56,
          "unitQuantity": 1,
          "unitQuantityUom": "ea",
          "measureDescription": "ea"
        }
      },
      "facets": [
        {
          "itemCode": "00020012",
          "itemDescription": "Non-GMO"
        }
      ],
      "categoryTrees": [
        {
          "level0": "Baby, Toddler & Kids",
          "level1": "Baby Care",
          "level2": "Nappies & Changing"
        }
      ],
      "cateredFlag": false
    },
    {
      "productId": "5236276-EA-000",
      "brand": "Karicare",
      "name": "4 Toddler Milk Drink From 2 Years",
      "displayName": "900g",
      "availability": [
        "IN_STORE",
        "ONLINE"
      ],
      "saleType": "UNITS",
      "restrictedFlag": false,
      "liquorFlag": false,
      "tobaccoFlag": false,
      "originRegulated": false,
      "singlePrice": {
        "price": 1949,
        "promoId": "128928838",
        "comparativePrice": {
          "pricePerUnit": 217,
          "unitQuantity": 100,
          "unitQuantityUom": "g",
          "measureDescription": "100g"
        }
      },
      "promotions": [
        {
          "promoId": "128928838",
          "rewardValue": 1949,
          "decal": "6000",
          "sapType": "BASE",
          "rewardType": "NEW_PRICE",
          "threshold": 1,
          "limit": 0,
          "multiProducts": false,
          "cardDependencyFlag": false,
          "bestPromotion": true,
          "comparativePrice": {
            "pricePerUnit": 217,
            "unitQuantity": 100,
            "unitQuantityUom": "g",
            "measureDescription": "100g"
          }
        }
      ],
      "facets": [
        {
          "itemCode": "00020012",
          "itemDescription": "Non-GMO"
        }
      ],
      "categoryTrees": [
        {
          "level0": "Baby, Toddler & Kids",
          "level1": "Baby Care",
          "level2": "Baby Formula & Toddler Food"
        }
      ],
      "cateredFlag": false
    },
    {
      "productId": "5019372-EA-000",
      "brand": "Pams",
      "name": "Scented Nappy Bags",
      "displayName": "100pk",
      "availability": [
        "IN_STORE",
        "ONLINE"
      ],
      "saleType": "UNITS",
      "restrictedFlag": false,
      "liquorFlag": false,
      "tobaccoFlag": false,
      "originRegulated": false,
      "singlePrice": {
        "price": 279,
        "comparativePrice": {
          "pricePerUnit": 279,
          "unitQuantity": 100,
          "unitQuantityUom": " ",
          "measureDescription": "100"
        }
      },
      "facets": [
        {
          "itemCode": "00020012",
          "itemDescription": "Non-GMO"
        }
      ],
      "categoryTrees": [
        {
          "level0": "Baby, Toddler & Kids",
          "level1": "Baby Care",
          "level2": "Nappies & Changing"
        }
      ],
      "cateredFlag": false
    },
    {
      "productId": "5227040-EA-000",
      "brand": "Only Organic",
      "name": "Pasta Bolognese 9+ Months",
      "displayName": "170g",
      "availability": [
        "IN_STORE",
        "ONLINE"
      ],
      "saleType": "UNITS",
      "restrictedFlag": false,
      "liquorFlag": false,
      "tobaccoFlag": false,
      "originRegulated": false,
      "singlePrice": {
        "price": 279,
        "comparativePrice": {
          "pricePerUnit": 164,
          "unitQuantity": 100,
          "unitQuantityUom": "g",
          "measureDescription": "100g"
        }
      },
      "facets": [
        {
          "itemCode": "00020001",
          "itemDescription": "Organic"
        }
      ],
      "categoryTrees": [
        {
          "level0": "Baby, Toddler & Kids",
          "level1": "Baby Care",
          "level2": "Baby Formula & Toddler Food"
        }
      ],
      "cateredFlag": false
    },
    {
      "productId": "5001641-EA-000",
      "brand": "Friends",
      "name": "Nappy Bags",
      "displayName": "50ea",
      "availability": [
        "IN_STORE",
        "ONLINE"
      ],
      "saleType": "UNITS",
      "restrictedFlag": false,
      "liquorFlag": false,
      "tobaccoFlag": false,
      "originRegulated": false,
      "singlePrice": {
        "price": 219,
        "promoId": "128928970",
        "comparativePrice": {
          "pricePerUnit": 438,
          "unitQuantity": 100,
          "unitQuantityUom": " ",
          "measureDescription": "100"
        }
      },
      "promotions": [
        {
          "promoId": "128928970",
          "rewardValue": 219,
          "decal": "6000",
          "sapType": "BASE",
          "rewardType": "NEW_PRICE",
          "threshold": 1,
          "limit": 0,
          "multiProducts": false,
          "cardDependencyFlag": false,
          "bestPromotion": true,
          "comparativePrice": {
            "pricePerUnit": 438,
            "unitQuantity": 100,
            "unitQuantityUom": " ",
            "measureDescription": "100"
          }
        }
      ],
      "categoryTrees": [
        {
          "level0": "Baby, Toddler & Kids",
          "level1": "Baby Care",
          "level2": "Nappies & Changing"
        }
      ],
      "cateredFlag": false
    },
    {
      "productId": "5094333-EA-000",
      "brand": "Huggies",
      "name": "Ultra Dry Nappies For Boys Size 5 13-18kg",
      "displayName": "64pk",
      "availability": [
        "IN_STORE",
        "ONLINE"
      ],
      "saleType": "UNITS",
      "restrictedFlag": false,
      "liquorFlag": false,
      "tobaccoFlag": false,
      "originRegulated": false,
      "singlePrice": {
        "price": 3199,
        "promoId": "129016703",
        "comparativePrice": {
          "pricePerUnit": 50,
          "unitQuantity": 1,
          "unitQuantityUom": "ea",
          "measureDescription": "ea"
        }
      },
      "promotions": [
        {
          "promoId": "129016703",
          "rewardValue": 3199,
          "decal": "6000",
          "sapType": "BASE",
          "rewardType": "NEW_PRICE",
          "threshold": 1,
          "limit": 0,
          "multiProducts": false,
          "cardDependencyFlag": false,
          "bestPromotion": true,
          "comparativePrice": {
            "pricePerUnit": 50,
            "unitQuantity": 1,
            "unitQuantityUom": "ea",
            "measureDescription": "ea"
          }
        }
      ],
      "categoryTrees": [
        {
          "level0": "Baby, Toddler & Kids",
          "level1": "Baby Care",
          "level2": "Nappies & Changing"
        }
      ],
      "cateredFlag": false
    },
    {
      "productId": "5001110-EA-000",
      "brand": "Vaseline",
      "name": "White Petroleum Jelly",
      "displayName": "100g",
      "availability": [
        "IN_STORE",
        "ONLINE"
      ],
      "saleType": "UNITS",
      "restrictedFlag": false,
      "liquorFlag": false,
      "tobaccoFlag": false,
      "originRegulated": false,
      "singlePrice": {
        "price": 649,
        "comparativePrice": {
          "pricePerUnit": 649,
          "unitQuantity": 100,
          "unitQuantityUom": "g",
          "measureDescription": "100g"
        }
      },
      "facets": [
        {
          "itemCode": "00020012",
          "itemDescription": "Non-GMO"
        }
      ],
      "categoryTrees": [
        {
          "level0": "Baby, Toddler & Kids",
          "level1": "Baby Care",
          "level2": "Nappies & Changing"
        }
      ],
      "cateredFlag": false
    },
    {
      "productId": "5233682-EA-000",
      "brand": "Rascals",
      "name": "Premium Nappy Pants Unisex Size 4 10-15kg Toddler",
      "displayName": "32pk",
      "availability": [
        "IN_STORE",
        "ONLINE"
      ],
      "saleType": "UNITS",
      "restrictedFlag": false,
      "liquorFlag": false,
      "tobaccoFlag": false,
      "originRegulated": false,
      "singlePrice": {
        "price": 1799,
        "comparativePrice": {
          "pricePerUnit": 56,
          "unitQuantity": 1,
          "unitQuantityUom": "ea",
          "measureDescription": "ea"
        }
      },
      "facets": [
        {
          "itemCode": "00020012",
          "itemDescription": "Non-GMO"
        }
      ],
      "categoryTrees": [
        {
          "level0": "Baby, Toddler & Kids",
          "level1": "Baby Care",
          "level2": "Nappies & Changing"
        }
      ],
      "cateredFlag": false
    },
    {
      "productId": "5248141-EA-000",
      "brand": "Huggies",
      "name": "Ultra Dry Nappy Pants For Boys Size 6 15kg+",
      "displayName": "28pk",
      "availability": [
        "IN_STORE",
        "ONLINE"
      ],
      "saleType": "UNITS",
      "restrictedFlag": false,
      "liquorFlag": false,
      "tobaccoFlag": false,
      "originRegulated": false,
      "singlePrice": {
        "price": 1699,
        "promoId": "129016705",
        "comparativePrice": {
          "pricePerUnit": 61,
          "unitQuantity": 1,
          "unitQuantityUom": "ea",
          "measureDescription": "ea"
        }
      },
      "promotions": [
        {
          "promoId": "129016705",
          "rewardValue": 1699,
          "decal": "6000",
          "sapType": "BASE",
          "rewardType": "NEW_PRICE",
          "threshold": 1,
          "limit": 0,
          "multiProducts": false,
          "cardDependencyFlag": false,
          "bestPromotion": true,
          "comparativePrice": {
            "pricePerUnit": 61,
            "unitQuantity": 1,
            "unitQuantityUom": "ea",
            "measureDescription": "ea"
          }
        }
      ],
      "categoryTrees": [
        {
          "level0": "Baby, Toddler & Kids",
          "level1": "Baby Care",
          "level2": "Nappies & Changing"
        }
      ],
      "cateredFlag": false
    },
    {
      "productId": "5267376-EA-000",
      "brand": "Only Organic",
      "name": "Banana & Apple Rice Cakes 8+ Months",
      "displayName": "20g",
      "availability": [
        "IN_STORE",
        "ONLINE"
      ],
      "saleType": "UNITS",
      "restrictedFlag": false,
      "liquorFlag": false,
      "tobaccoFlag": false,
      "originRegulated": false,
      "singlePrice": {
        "price": 219,
        "comparativePrice": {
          "pricePerUnit": 1095,
          "unitQuantity": 100,
          "unitQuantityUom": "g",
          "measureDescription": "100g"
        }
      },
      "facets": [
        {
          "itemCode": "00020001",
          "itemDescription": "Organic"
        }
      ],
      "categoryTrees": [
        {
          "level0": "Baby, Toddler & Kids",
          "level1": "Baby Care",
          "level2": "Baby Formula & Toddler Food"
        }
      ],
      "cateredFlag": false
    },
    {
      "productId": "5274869-EA-000",
      "brand": "Pams",
      "name": "Nappy Pants Boys & Girls 10-15kg Toddler",
      "displayName": "44pk",
      "availability": [
        "IN_STORE",
        "ONLINE"
      ],
      "saleType": "UNITS",
      "restrictedFlag": false,
      "liquorFlag": false,
      "tobaccoFlag": false,
      "originRegulated": false,
      "singlePrice": {
        "price": 1699,
        "comparativePrice": {
          "pricePerUnit": 39,
          "unitQuantity": 1,
          "unitQuantityUom": "ea",
          "measureDescription": "ea"
        }
      },
      "facets": [
        {
          "itemCode": "00020012",
          "itemDescription": "Non-GMO"
        },
        {
          "itemCode": "00020007",
          "itemDescription": "Dairy Free"
        }
      ],
      "categoryTrees": [
        {
          "level0": "Baby, Toddler & Kids",
          "level1": "Baby Care",
          "level2": "Nappies & Changing"
        }
      ],
      "cateredFlag": false
    },
    {
      "productId": "5007885-EA-000",
      "brand": "Aptamil",
      "name": "Gold+ 3 Toddler Nutritional Supplement From 1 Year",
      "displayName": "900g",
      "availability": [
        "IN_STORE",
        "ONLINE"
      ],
      "saleType": "UNITS",
      "restrictedFlag": false,
      "liquorFlag": false,
      "tobaccoFlag": false,
      "originRegulated": false,
      "singlePrice": {
        "price": 2789,
        "comparativePrice": {
          "pricePerUnit": 310,
          "unitQuantity": 100,
          "unitQuantityUom": "g",
          "measureDescription": "100g"
        }
      },
      "facets": [
        {
          "itemCode": "00020012",
          "itemDescription": "Non-GMO"
        }
      ],
      "categoryTrees": [
        {
          "level0": "Baby, Toddler & Kids",
          "level1": "Baby Care",
          "level2": "Baby Formula & Toddler Food"
        }
      ],
      "cateredFlag": false
    },
    {
      "productId": "5007879-EA-000",
      "brand": "Aptamil",
      "name": "Gold+ 2 Baby Follow-On Formula From 6 to 12 Months",
      "displayName": "900g",
      "availability": [
        "IN_STORE",
        "ONLINE"
      ],
      "saleType": "UNITS",
      "restrictedFlag": false,
      "liquorFlag": false,
      "tobaccoFlag": false,
      "originRegulated": false,
      "singlePrice": {
        "price": 2949,
        "comparativePrice": {
          "pricePerUnit": 328,
          "unitQuantity": 100,
          "unitQuantityUom": "g",
          "measureDescription": "100g"
        }
      },
      "facets": [
        {
          "itemCode": "00020012",
          "itemDescription": "Non-GMO"
        }
      ],
      "categoryTrees": [
        {
          "level0": "Baby, Toddler & Kids",
          "level1": "Baby Care",
          "level2": "Baby Formula & Toddler Food"
        }
      ],
      "cateredFlag": false
    },
    {
      "productId": "5267380-EA-000",
      "brand": "Only Organic",
      "name": "Kindy Strawberry Yoghurt Rice Cakes 1-5 Years",
      "displayName": "30g",
      "availability": [
        "IN_STORE",
        "ONLINE"
      ],
      "saleType": "UNITS",
      "restrictedFlag": false,
      "liquorFlag": false,
      "tobaccoFlag": false,
      "originRegulated": false,
      "singlePrice": {
        "price": 319,
        "comparativePrice": {
          "pricePerUnit": 1063,
          "unitQuantity": 100,
          "unitQuantityUom": "g",
          "measureDescription": "100g"
        }
      },
      "facets": [
        {
          "itemCode": "00020001",
          "itemDescription": "Organic"
        }
      ],
      "categoryTrees": [
        {
          "level0": "Baby, Toddler & Kids",
          "level1": "Baby Care",
          "level2": "Baby Formula & Toddler Food"
        }
      ],
      "cateredFlag": false
    },
    {
      "productId": "5267719-EA-000",
      "brand": "Silk",
      "name": "Flushable Wipes",
      "displayName": "96pk",
      "availability": [
        "IN_STORE",
        "ONLINE"
      ],
      "saleType": "UNITS",
      "restrictedFlag": false,
      "liquorFlag": false,
      "tobaccoFlag": false,
      "originRegulated": false,
      "singlePrice": {
        "price": 749,
        "comparativePrice": {
          "pricePerUnit": 780,
          "unitQuantity": 100,
          "unitQuantityUom": " ",
          "measureDescription": "100"
        }
      },
      "categoryTrees": [
        {
          "level0": "Baby, Toddler & Kids",
          "level1": "Baby Care",
          "level2": "Baby Wipes"
        }
      ],
      "cateredFlag": false
    },
    {
      "productId": "5094331-EA-000",
      "brand": "Huggies",
      "name": "Ultra Dry Nappies For Boys Size 4 10-15kg",
      "displayName": "72pk",
      "availability": [
        "IN_STORE",
        "ONLINE"
      ],
      "saleType": "UNITS",
      "restrictedFlag": false,
      "liquorFlag": false,
      "tobaccoFlag": false,
      "originRegulated": false,
      "singlePrice": {
        "price": 3199,
        "promoId": "129016703",
        "comparativePrice": {
          "pricePerUnit": 44,
          "unitQuantity": 1,
          "unitQuantityUom": "ea",
          "measureDescription": "ea"
        }
      },
      "promotions": [
        {
          "promoId": "129016703",
          "rewardValue": 3199,
          "decal": "6000",
          "sapType": "BASE",
          "rewardType": "NEW_PRICE",
          "threshold": 1,
          "limit": 0,
          "multiProducts": false,
          "cardDependencyFlag": false,
          "bestPromotion": true,
          "comparativePrice": {
            "pricePerUnit": 44,
            "unitQuantity": 1,
            "unitQuantityUom": "ea",
            "measureDescription": "ea"
          }
        }
      ],
      "categoryTrees": [
        {
          "level0": "Baby, Toddler & Kids",
          "level1": "Baby Care",
          "level2": "Nappies & Changing"
        }
      ],
      "cateredFlag": false
    },
    {
      "productId": "5256339-EA-000",
      "brand": "Little Bellies",
      "name": "Organic Cheese & Herb Fiddlesticks 12+ Months",
      "displayName": "12g",
      "availability": [
        "IN_STORE",
        "ONLINE"
      ],
      "saleType": "UNITS",
      "restrictedFlag": false,
      "liquorFlag": false,
      "tobaccoFlag": false,
      "originRegulated": false,
      "singlePrice": {
        "price": 199,
        "comparativePrice": {
          "pricePerUnit": 1658,
          "unitQuantity": 100,
          "unitQuantityUom": "g",
          "measureDescription": "100g"
        }
      },
      "facets": [
        {
          "itemCode": "00020001",
          "itemDescription": "Organic"
        }
      ],
      "categoryTrees": [
        {
          "level0": "Baby, Toddler & Kids",
          "level1": "Baby Care",
          "level2": "Baby Formula & Toddler Food"
        }
      ],
      "cateredFlag": false
    },
    {
      "productId": "5014562-EA-000",
      "brand": "Huggies",
      "name": "Ultra Dry Nappies For Boys Size 6 16kg+",
      "displayName": "30pk",
      "availability": [
        "IN_STORE",
        "ONLINE"
      ],
      "saleType": "UNITS",
      "restrictedFlag": false,
      "liquorFlag": false,
      "tobaccoFlag": false,
      "originRegulated": false,
      "singlePrice": {
        "price": 1699,
        "promoId": "129016701",
        "comparativePrice": {
          "pricePerUnit": 57,
          "unitQuantity": 1,
          "unitQuantityUom": "ea",
          "measureDescription": "ea"
        }
      },
      "promotions": [
        {
          "promoId": "129016701",
          "rewardValue": 1699,
          "decal": "6000",
          "sapType": "BASE",
          "rewardType": "NEW_PRICE",
          "threshold": 1,
          "limit": 0,
          "multiProducts": false,
          "cardDependencyFlag": false,
          "bestPromotion": true,
          "comparativePrice": {
            "pricePerUnit": 57,
            "unitQuantity": 1,
            "unitQuantityUom": "ea",
            "measureDescription": "ea"
          }
        }
      ],
      "categoryTrees": [
        {
          "level0": "Baby, Toddler & Kids",
          "level1": "Baby Care",
          "level2": "Nappies & Changing"
        }
      ],
      "cateredFlag": false
    },
    {
      "productId": "5213955-EA-000",
      "brand": "Rascals",
      "name": "Premium Nappies Unisex Size 4 10-15kg Toddler",
      "displayName": "36pk",
      "availability": [
        "IN_STORE",
        "ONLINE"
      ],
      "saleType": "UNITS",
      "restrictedFlag": false,
      "liquorFlag": false,
      "tobaccoFlag": false,
      "originRegulated": false,
      "singlePrice": {
        "price": 1799,
        "comparativePrice": {
          "pricePerUnit": 50,
          "unitQuantity": 1,
          "unitQuantityUom": "ea",
          "measureDescription": "ea"
        }
      },
      "facets": [
        {
          "itemCode": "00020012",
          "itemDescription": "Non-GMO"
        }
      ],
      "categoryTrees": [
        {
          "level0": "Baby, Toddler & Kids",
          "level1": "Baby Care",
          "level2": "Nappies & Changing"
        }
      ],
      "cateredFlag": false
    },
    {
      "productId": "5094335-EA-000",
      "brand": "Huggies",
      "name": "Ultra Dry Nappies For Boys Size 6 16kg+",
      "displayName": "60pk",
      "availability": [
        "IN_STORE",
        "ONLINE"
      ],
      "saleType": "UNITS",
      "restrictedFlag": false,
      "liquorFlag": false,
      "tobaccoFlag": false,
      "originRegulated": false,
      "singlePrice": {
        "price": 3199,
        "promoId": "129016703",
        "comparativePrice": {
          "pricePerUnit": 53,
          "unitQuantity": 1,
          "unitQuantityUom": "ea",
          "measureDescription": "ea"
        }
      },
      "promotions": [
        {
          "promoId": "129016703",
          "rewardValue": 3199,
          "decal": "6000",
          "sapType": "BASE",
          "rewardType": "NEW_PRICE",
          "threshold": 1,
          "limit": 0,
          "multiProducts": false,
          "cardDependencyFlag": false,
          "bestPromotion": true,
          "comparativePrice": {
            "pricePerUnit": 53,
            "unitQuantity": 1,
            "unitQuantityUom": "ea",
            "measureDescription": "ea"
          }
        }
      ],
      "categoryTrees": [
        {
          "level0": "Baby, Toddler & Kids",
          "level1": "Baby Care",
          "level2": "Nappies & Changing"
        }
      ],
      "cateredFlag": false
    },
    {
      "productId": "5241243-EA-000",
      "brand": "Wattie's",
      "name": "For Baby Oatilicious Brekky Smoothies 8+Months Mashed",
      "displayName": "120g",
      "availability": [
        "IN_STORE",
        "ONLINE"
      ],
      "saleType": "UNITS",
      "restrictedFlag": false,
      "liquorFlag": false,
      "tobaccoFlag": false,
      "originRegulated": false,
      "singlePrice": {
        "price": 199,
        "comparativePrice": {
          "pricePerUnit": 166,
          "unitQuantity": 100,
          "unitQuantityUom": "g",
          "measureDescription": "100g"
        }
      },
      "facets": [
        {
          "itemCode": "00020012",
          "itemDescription": "Non-GMO"
        }
      ],
      "categoryTrees": [
        {
          "level0": "Baby, Toddler & Kids",
          "level1": "Baby Care",
          "level2": "Baby Formula & Toddler Food"
        }
      ],
      "cateredFlag": false
    },
    {
      "productId": "5094332-EA-000",
      "brand": "Huggies",
      "name": "Ultra Dry Nappies For Girls Size 4 10-15kg",
      "displayName": "72pk",
      "availability": [
        "IN_STORE",
        "ONLINE"
      ],
      "saleType": "UNITS",
      "restrictedFlag": false,
      "liquorFlag": false,
      "tobaccoFlag": false,
      "originRegulated": false,
      "singlePrice": {
        "price": 3199,
        "promoId": "129016703",
        "comparativePrice": {
          "pricePerUnit": 44,
          "unitQuantity": 1,
          "unitQuantityUom": "ea",
          "measureDescription": "ea"
        }
      },
      "promotions": [
        {
          "promoId": "129016703",
          "rewardValue": 3199,
          "decal": "6000",
          "sapType": "BASE",
          "rewardType": "NEW_PRICE",
          "threshold": 1,
          "limit": 0,
          "multiProducts": false,
          "cardDependencyFlag": false,
          "bestPromotion": true,
          "comparativePrice": {
            "pricePerUnit": 44,
            "unitQuantity": 1,
            "unitQuantityUom": "ea",
            "measureDescription": "ea"
          }
        }
      ],
      "categoryTrees": [
        {
          "level0": "Baby, Toddler & Kids",
          "level1": "Baby Care",
          "level2": "Nappies & Changing"
        }
      ],
      "cateredFlag": false
    },
    {
      "productId": "5018115-EA-000",
      "brand": "Natureland",
      "name": "Pumpkin Potato With NZ Beef 6+ Months",
      "displayName": "120g",
      "availability": [
        "IN_STORE",
        "ONLINE"
      ],
      "saleType": "UNITS",
      "restrictedFlag": false,
      "liquorFlag": false,
      "tobaccoFlag": false,
      "originRegulated": false,
      "singlePrice": {
        "price": 169,
        "comparativePrice": {
          "pricePerUnit": 141,
          "unitQuantity": 100,
          "unitQuantityUom": "g",
          "measureDescription": "100g"
        }
      },
      "facets": [
        {
          "itemCode": "00020012",
          "itemDescription": "Non-GMO"
        }
      ],
      "categoryTrees": [
        {
          "level0": "Baby, Toddler & Kids",
          "level1": "Baby Care",
          "level2": "Baby Formula & Toddler Food"
        }
      ],
      "cateredFlag": false
    },
    {
      "productId": "5242378-EA-000",
      "brand": "Silk",
      "name": "Baby Water Wipes",
      "displayName": "100pk",
      "availability": [
        "IN_STORE",
        "ONLINE"
      ],
      "saleType": "UNITS",
      "restrictedFlag": false,
      "liquorFlag": false,
      "tobaccoFlag": false,
      "originRegulated": false,
      "singlePrice": {
        "price": 499,
        "promoId": "128865386",
        "comparativePrice": {
          "pricePerUnit": 499,
          "unitQuantity": 100,
          "unitQuantityUom": " ",
          "measureDescription": "100"
        }
      },
      "promotions": [
        {
          "promoId": "128865386",
          "rewardValue": 499,
          "decal": "6000",
          "sapType": "BASE",
          "rewardType": "NEW_PRICE",
          "threshold": 1,
          "limit": 0,
          "multiProducts": false,
          "cardDependencyFlag": false,
          "bestPromotion": true,
          "comparativePrice": {
            "pricePerUnit": 499,
            "unitQuantity": 100,
            "unitQuantityUom": " ",
            "measureDescription": "100"
          }
        }
      ],
      "categoryTrees": [
        {
          "level0": "Baby, Toddler & Kids",
          "level1": "Baby Care",
          "level2": "Baby Wipes"
        }
      ],
      "cateredFlag": false
    },
    {
      "productId": "5015161-EA-000",
      "brand": "Huggies",
      "name": "Ultra Dry Nappies For Boys Size 5 13-18kg",
      "displayName": "32pk",
      "availability": [
        "IN_STORE",
        "ONLINE"
      ],
      "saleType": "UNITS",
      "restrictedFlag": false,
      "liquorFlag": false,
      "tobaccoFlag": false,
      "originRegulated": false,
      "singlePrice": {
        "price": 1699,
        "promoId": "129016704",
        "comparativePrice": {
          "pricePerUnit": 53,
          "unitQuantity": 1,
          "unitQuantityUom": "ea",
          "measureDescription": "ea"
        }
      },
      "promotions": [
        {
          "promoId": "129016704",
          "rewardValue": 1699,
          "decal": "6000",
          "sapType": "BASE",
          "rewardType": "NEW_PRICE",
          "threshold": 1,
          "limit": 0,
          "multiProducts": false,
          "cardDependencyFlag": false,
          "bestPromotion": true,
          "comparativePrice": {
            "pricePerUnit": 53,
            "unitQuantity": 1,
            "unitQuantityUom": "ea",
            "measureDescription": "ea"
          }
        }
      ],
      "categoryTrees": [
        {
          "level0": "Baby, Toddler & Kids",
          "level1": "Baby Care",
          "level2": "Nappies & Changing"
        }
      ],
      "cateredFlag": false
    },
    {
      "productId": "5022921-EA-000",
      "brand": "Silk",
      "name": "Fragrance Free Plus Baby Wipes",
      "displayName": "140pk",
      "availability": [
        "IN_STORE",
        "ONLINE"
      ],
      "saleType": "UNITS",
      "restrictedFlag": false,
      "liquorFlag": false,
      "tobaccoFlag": false,
      "originRegulated": false,
      "singlePrice": {
        "price": 399,
        "promoId": "128865387",
        "comparativePrice": {
          "pricePerUnit": 285,
          "unitQuantity": 100,
          "unitQuantityUom": " ",
          "measureDescription": "100"
        }
      },
      "promotions": [
        {
          "promoId": "128865387",
          "rewardValue": 399,
          "decal": "6000",
          "sapType": "BASE",
          "rewardType": "NEW_PRICE",
          "threshold": 1,
          "limit": 0,
          "multiProducts": false,
          "cardDependencyFlag": false,
          "bestPromotion": true,
          "comparativePrice": {
            "pricePerUnit": 285,
            "unitQuantity": 100,
            "unitQuantityUom": " ",
            "measureDescription": "100"
          }
        }
      ],
      "categoryTrees": [
        {
          "level0": "Baby, Toddler & Kids",
          "level1": "Baby Care",
          "level2": "Baby Wipes"
        }
      ],
      "cateredFlag": false
    },
    {
      "productId": "5037026-EA-000",
      "brand": "Only Organic",
      "name": "Kindy Vegetable Macaroni Cheese Pasta 1-5 Years",
      "displayName": "220g",
      "availability": [
        "IN_STORE",
        "ONLINE"
      ],
      "saleType": "UNITS",
      "restrictedFlag": false,
      "liquorFlag": false,
      "tobaccoFlag": false,
      "originRegulated": false,
      "singlePrice": {
        "price": 349,
        "comparativePrice": {
          "pricePerUnit": 159,
          "unitQuantity": 100,
          "unitQuantityUom": "g",
          "measureDescription": "100g"
        }
      },
      "facets": [
        {
          "itemCode": "00020001",
          "itemDescription": "Organic"
        },
        {
          "itemCode": "00020012",
          "itemDescription": "Non-GMO"
        }
      ],
      "categoryTrees": [
        {
          "level0": "Baby, Toddler & Kids",
          "level1": "Baby Care",
          "level2": "Baby Formula & Toddler Food"
        }
      ],
      "cateredFlag": false
    },
    {
      "productId": "5009812-EA-000",
      "brand": "Wattie's",
      "name": "For Baby Pears 4-6 Months+",
      "displayName": "120g",
      "availability": [
        "IN_STORE",
        "ONLINE"
      ],
      "saleType": "UNITS",
      "restrictedFlag": false,
      "liquorFlag": false,
      "tobaccoFlag": false,
      "originRegulated": false,
      "singlePrice": {
        "price": 119,
        "promoId": "128929023",
        "comparativePrice": {
          "pricePerUnit": 99,
          "unitQuantity": 100,
          "unitQuantityUom": "g",
          "measureDescription": "100g"
        }
      },
      "promotions": [
        {
          "promoId": "128929023",
          "rewardValue": 119,
          "decal": "6000",
          "sapType": "BASE",
          "rewardType": "NEW_PRICE",
          "threshold": 1,
          "limit": 0,
          "multiProducts": false,
          "cardDependencyFlag": false,
          "bestPromotion": true,
          "comparativePrice": {
            "pricePerUnit": 99,
            "unitQuantity": 100,
            "unitQuantityUom": "g",
            "measureDescription": "100g"
          }
        }
      ],
      "facets": [
        {
          "itemCode": "00020012",
          "itemDescription": "Non-GMO"
        }
      ],
      "categoryTrees": [
        {
          "level0": "Baby, Toddler & Kids",
          "level1": "Baby Care",
          "level2": "Baby Formula & Toddler Food"
        }
      ],
      "cateredFlag": false
    },
    {
      "productId": "5248146-EA-000",
      "brand": "Huggies",
      "name": "Ultra Dry Nappy Pants For Girls Size 6 15kg+",
      "displayName": "28pk",
      "availability": [
        "IN_STORE",
        "ONLINE"
      ],
      "saleType": "UNITS",
      "restrictedFlag": false,
      "liquorFlag": false,
      "tobaccoFlag": false,
      "originRegulated": false,
      "singlePrice": {
        "price": 1699,
        "promoId": "129016705",
        "comparativePrice": {
          "pricePerUnit": 61,
          "unitQuantity": 1,
          "unitQuantityUom": "ea",
          "measureDescription": "ea"
        }
      },
      "promotions": [
        {
          "promoId": "129016705",
          "rewardValue": 1699,
          "decal": "6000",
          "sapType": "BASE",
          "rewardType": "NEW_PRICE",
          "threshold": 1,
          "limit": 0,
          "multiProducts": false,
          "cardDependencyFlag": false,
          "bestPromotion": true,
          "comparativePrice": {
            "pricePerUnit": 61,
            "unitQuantity": 1,
            "unitQuantityUom": "ea",
            "measureDescription": "ea"
          }
        }
      ],
      "categoryTrees": [
        {
          "level0": "Baby, Toddler & Kids",
          "level1": "Baby Care",
          "level2": "Nappies & Changing"
        }
      ],
      "cateredFlag": false
    },
    {
      "productId": "5094334-EA-000",
      "brand": "Huggies",
      "name": "Ultra Dry Nappies For Girls Size 5 13-18kg",
      "displayName": "64pk",
      "availability": [
        "IN_STORE",
        "ONLINE"
      ],
      "saleType": "UNITS",
      "restrictedFlag": false,
      "liquorFlag": false,
      "tobaccoFlag": false,
      "originRegulated": false,
      "singlePrice": {
        "price": 3199,
        "promoId": "129016703",
        "comparativePrice": {
          "pricePerUnit": 50,
          "unitQuantity": 1,
          "unitQuantityUom": "ea",
          "measureDescription": "ea"
        }
      },
      "promotions": [
        {
          "promoId": "129016703",
          "rewardValue": 3199,
          "decal": "6000",
          "sapType": "BASE",
          "rewardType": "NEW_PRICE",
          "threshold": 1,
          "limit": 0,
          "multiProducts": false,
          "cardDependencyFlag": false,
          "bestPromotion": true,
          "comparativePrice": {
            "pricePerUnit": 50,
            "unitQuantity": 1,
            "unitQuantityUom": "ea",
            "measureDescription": "ea"
          }
        }
      ],
      "categoryTrees": [
        {
          "level0": "Baby, Toddler & Kids",
          "level1": "Baby Care",
          "level2": "Nappies & Changing"
        }
      ],
      "cateredFlag": false
    },
    {
      "productId": "5255771-EA-000",
      "brand": "Earthsmart",
      "name": "Aquawipes 99.8% Water Wipes",
      "displayName": "70pk",
      "availability": [
        "IN_STORE",
        "ONLINE"
      ],
      "saleType": "UNITS",
      "restrictedFlag": false,
      "liquorFlag": false,
      "tobaccoFlag": false,
      "originRegulated": false,
      "singlePrice": {
        "price": 399,
        "promoId": "128979144",
        "comparativePrice": {
          "pricePerUnit": 570,
          "unitQuantity": 100,
          "unitQuantityUom": " ",
          "measureDescription": "100"
        }
      },
      "promotions": [
        {
          "promoId": "128979144",
          "rewardValue": 399,
          "decal": "6000",
          "sapType": "BASE",
          "rewardType": "NEW_PRICE",
          "threshold": 1,
          "limit": 0,
          "multiProducts": false,
          "cardDependencyFlag": false,
          "bestPromotion": true,
          "comparativePrice": {
            "pricePerUnit": 570,
            "unitQuantity": 100,
            "unitQuantityUom": " ",
            "measureDescription": "100"
          }
        }
      ],
      "categoryTrees": [
        {
          "level0": "Baby, Toddler & Kids",
          "level1": "Baby Care",
          "level2": "Baby Wipes"
        }
      ],
      "cateredFlag": false
    },
    {
      "productId": "5256340-EA-000",
      "brand": "Little Bellies",
      "name": "Organic Tomato Fiddlesticks 12+ Months",
      "displayName": "12g",
      "availability": [
        "IN_STORE",
        "ONLINE"
      ],
      "saleType": "UNITS",
      "restrictedFlag": false,
      "liquorFlag": false,
      "tobaccoFlag": false,
      "originRegulated": false,
      "singlePrice": {
        "price": 199,
        "comparativePrice": {
          "pricePerUnit": 1658,
          "unitQuantity": 100,
          "unitQuantityUom": "g",
          "measureDescription": "100g"
        }
      },
      "facets": [
        {
          "itemCode": "00020001",
          "itemDescription": "Organic"
        }
      ],
      "categoryTrees": [
        {
          "level0": "Baby, Toddler & Kids",
          "level1": "Baby Care",
          "level2": "Baby Formula & Toddler Food"
        }
      ],
      "cateredFlag": false
    },
    {
      "productId": "5021627-EA-000",
      "brand": "Farex",
      "name": "Breakfast On The Go Creamy Baby Porridge with Apple Juice 6+Months",
      "displayName": "120g",
      "availability": [
        "IN_STORE",
        "ONLINE"
      ],
      "saleType": "UNITS",
      "restrictedFlag": false,
      "liquorFlag": false,
      "tobaccoFlag": false,
      "originRegulated": false,
      "singlePrice": {
        "price": 199,
        "comparativePrice": {
          "pricePerUnit": 166,
          "unitQuantity": 100,
          "unitQuantityUom": "g",
          "measureDescription": "100g"
        }
      },
      "facets": [
        {
          "itemCode": "00020012",
          "itemDescription": "Non-GMO"
        }
      ],
      "categoryTrees": [
        {
          "level0": "Baby, Toddler & Kids",
          "level1": "Baby Care",
          "level2": "Baby Formula & Toddler Food"
        }
      ],
      "cateredFlag": false
    },
    {
      "productId": "5248147-EA-000",
      "brand": "Huggies",
      "name": "Ultra Dry Nappy Pants For Boys Size 5 12-17kg",
      "displayName": "30pk",
      "availability": [
        "IN_STORE",
        "ONLINE"
      ],
      "saleType": "UNITS",
      "restrictedFlag": false,
      "liquorFlag": false,
      "tobaccoFlag": false,
      "originRegulated": false,
      "singlePrice": {
        "price": 1699,
        "promoId": "129016705",
        "comparativePrice": {
          "pricePerUnit": 57,
          "unitQuantity": 1,
          "unitQuantityUom": "ea",
          "measureDescription": "ea"
        }
      },
      "promotions": [
        {
          "promoId": "129016705",
          "rewardValue": 1699,
          "decal": "6000",
          "sapType": "BASE",
          "rewardType": "NEW_PRICE",
          "threshold": 1,
          "limit": 0,
          "multiProducts": false,
          "cardDependencyFlag": false,
          "bestPromotion": true,
          "comparativePrice": {
            "pricePerUnit": 57,
            "unitQuantity": 1,
            "unitQuantityUom": "ea",
            "measureDescription": "ea"
          }
        }
      ],
      "categoryTrees": [
        {
          "level0": "Baby, Toddler & Kids",
          "level1": "Baby Care",
          "level2": "Nappies & Changing"
        }
      ],
      "cateredFlag": false
    },
    {
      "productId": "5233689-EA-000",
      "brand": "Rascals",
      "name": "Premium Nappies Unisex Size 5 13-18kg Crawler",
      "displayName": "64pk",
      "availability": [
        "IN_STORE",
        "ONLINE"
      ],
      "saleType": "UNITS",
      "restrictedFlag": false,
      "liquorFlag": false,
      "tobaccoFlag": false,
      "originRegulated": false,
      "singlePrice": {
        "price": 3599,
        "comparativePrice": {
          "pricePerUnit": 56,
          "unitQuantity": 1,
          "unitQuantityUom": "ea",
          "measureDescription": "ea"
        }
      },
      "facets": [
        {
          "itemCode": "00020012",
          "itemDescription": "Non-GMO"
        }
      ],
      "categoryTrees": [
        {
          "level0": "Baby, Toddler & Kids",
          "level1": "Baby Care",
          "level2": "Nappies & Changing"
        }
      ],
      "cateredFlag": false
    }
  ],
  "algoliaSearchResult": {
    "facets": {
      "brand": {
        "Huggies": 63,
        "Only Organic": 26,
        "Pams": 18,
        "Wattie's": 18,
        "Rascals": 15,
        "Silk": 13,
        "Aptamil": 12,
        "Karicare": 12,
        "Tommee Tippee": 11,
        "Johnson's": 10,
        "Little Bellies": 10,
        "Natureland": 9,
        "Nuby": 9,
        "Philips Avent": 9,
        "Aveeno": 7,
        "S-26": 6,
        "Kiddylicious": 4,
        "Bubs": 3,
        "Ecostore": 3,
        "Farex": 3,
        "Heinz": 3,
        "Johnson's Baby": 3,
        "Petite Eats": 3,
        "Baby Mum-Mum": 2,
        "Baby Steps": 2,
        "Bepanthen": 2,
        "Cetaphil": 2,
        "Colgate": 2,
        "Lansinoh": 2,
        "Rafferty's Garden": 2,
        "Best": 1,
        "Comfort": 1,
        "Curash": 1,
        "Earthsmart": 1,
        "Friends": 1,
        "Funtime": 1,
        "Haven": 1,
        "Korbond": 1,
        "Little Quacker": 1,
        "Milton Anti-Bac": 1,
        "Paseo": 1,
        "Rascal and Friends": 1,
        "Rocco & Tolly": 1,
        "Sudocrem": 1,
        "Vaseline": 1,
        "Vicks": 1,
        "Zuru": 1
      },
      "category1NI": {
        "Baby Care": 301,
        "Pams": 5,
        "Beauty & Grooming": 1,
        "Health & Wellness": 1,
        "Household": 1
      },
      "onPromotion": {
        "21ecaaed-0749-4492-985e-4bb7ba43d59c": 99,
        "c3f9e1a3-fc34-452d-af2e-95349e666ba4": 93,
        "3c5e3145-0767-4066-9349-6c0a1313acc5": 90,
        "61dd754e-8525-4b9e-9e08-173389eea8a8": 87,
        "2ed73be8-936d-4f35-9398-75a707f40a7b": 86,
        "5cf0392f-c187-4fc4-a463-eb269d2e8f45": 86,
        "90082979-fb9f-4305-9c72-83274fc438cc": 86,
        "b29a98bd-749c-489c-9eef-6aa38e66a29b": 86,
        "be4c4780-218e-425a-a90f-63e21773572b": 86,
        "d8032da3-c1b9-456e-b626-41ce21f8c67b": 86,
        "715f0e22-95e0-45ce-af3a-07057209976e": 83,
        "4a279605-eaa8-470d-bcd4-0a9e3c9ab43b": 80,
        "8cd700ae-d96f-4761-bd7a-805d6b93536d": 80,
        "7d48a781-4f68-4c91-a908-8659e1b22f95": 79,
        "dbca5e00-f7f9-43ae-91de-031ad16f8a92": 79,
        "5f167936-79ae-4f6a-b9d2-74afe1bb096b": 70,
        "33d8d6fc-861a-45ff-9937-5ccdb55eaede": 67,
        "64eab5b1-8d79-45f4-94f1-02b8cf8b6202": 67,
        "98ec3885-ac93-4fcb-807b-59c9055c52c4": 67,
        "92086ded-a55d-4241-a364-7d7ea91531b4": 64,
        "d6d39eea-889d-4e20-923c-55cab225cf7f": 64,
        "01a114de-149c-4f5f-80a1-90cc63f69c6e": 63,
        "714431ab-6e39-4df6-ac77-cfc5c1e25bc8": 63,
        "8f0d70be-5cb7-464b-99cb-8b0130671895": 63,
        "b92cc33f-b5a8-4b57-9b82-412946800020": 62,
        "e1925ea7-01bc-4358-ae7c-c6502da5ab12": 62,
        "529d66cc-60e3-432e-b8d1-efc9f2ec4919": 59,
        "65defcf2-bc15-490e-a84f-1f13b769cd22": 59,
        "3bb30799-82ce-4648-8c02-5113228963ed": 58,
        "6e6809dd-01bc-45c9-aab1-f01ccd8338b0": 58,
        "a7d09522-bee2-41e4-8fe0-0b82b7f342f5": 58,
        "3404c253-577f-45ca-b301-c98312e46efb": 57,
        "53989945-1a28-481d-a61c-d6f75f760ada": 57,
        "15e6f441-5c1c-4d25-b4ec-1adf918c49c7": 55,
        "60561e46-ece7-43a7-b142-9b14812586e4": 54,
        "b2e98a14-c8ca-401e-99ed-edf74570c6f6": 54,
        "48dd98cc-a757-4102-b15d-ea82b4b10571": 53,
        "49037947-e450-49bf-ba1f-a94551c79a72": 53,
        "4fcc1c8e-cc5e-4675-ba25-5e56b579cf69": 53,
        "6cda96e1-7d29-44a6-956b-3fcfdecc8184": 53,
        "b83029b6-5dd5-449e-8056-26f3943a4e18": 53,
        "1c388d5e-29ac-4956-b476-cb3431353d2e": 52,
        "9cd8eb60-3222-4efc-bd7c-50e03e6a81a4": 50,
        "c0f80e87-16be-4488-9553-da437e8c6c2a": 50,
        "50b1216b-d066-4457-b88b-9bccf97bf6d3": 49,
        "6c73764e-b8e6-4e55-ad37-f6a9d207da1f": 49,
        "b39562a4-2b72-43fe-b9ba-eda1d651ad0b": 49,
        "3bfe040b-f0c9-45e0-949b-b9ad5a591d55": 48,
        "94ef1985-cab1-4b39-a2f3-230120f03c16": 47,
        "c2204dae-579e-4b6b-9d42-2e13ceaa6031": 47,
        "3e82142c-78dc-46f3-82ec-28e65fcf84c9": 44,
        "c180a72d-5dbe-4403-b7c7-91655e505492": 44,
        "af385423-d0f1-41f0-9482-ffd10b745143": 41,
        "076e8177-943b-41fc-a885-ba3d28297acf": 38,
        "d1cd1fdd-8767-46a6-a8d3-c3e0632c2dc8": 38
      },
      "productFacets": {
        "Non-GMO": 127,
        "Organic": 46,
        "Dairy Free": 20,
        "Gluten Free": 10,
        "Vegan": 3,
        "Free Range": 2,
        "Halal": 2
      }
    }
  },
  "totalHits": 301,
  "page": 1,
  "totalPages": 7,
  "hitsPerPage": 50
}
