{
  "tobaccoProducts": false,
  "products": [
    {
      "productId": "5010307-EA-000",
      "brand": "Champ",
      "name": "Adult Meat Lovers Classic Dog Food",
      "displayName": "1.15kg",
      "availability": [
        "IN_STORE",
        "ONLINE"
      ],
      "saleType": "UNITS",
      "restrictedFlag": false,
      "liquorFlag": false,
      "tobaccoFlag": false,
      "originRegulated": false,
      "singlePrice": {
        "price": 629,
        "comparativePrice": {
          "pricePerUnit": 55,
          "unitQuantity": 100,
          "unitQuantityUom": "g",
          "measureDescription": "100g"
        }
      },
      "facets": [
        {
          "itemCode": "00020012",
          "itemDescription": "Non-GMO"
        }
      ],
      "categoryTrees": [
        {
          "level0": "Pets",
          "level1": "Pet Supplies",
          "level2": "Dog Food"
        }
      ],
      "cateredFlag": false
    },
    {
      "productId": "5016602-EA-000",
      "brand": "My Dog",
      "name": "Classic Loaf With Gourmet Beef Wet Dog Food",
      "displayName": "400g",
      "availability": [
        "IN_STORE",
        "ONLINE"
      ],
      "saleType": "UNITS",
      "restrictedFlag": false,
      "liquorFlag": false,
      "tobaccoFlag": false,
      "originRegulated": false,
      "singlePrice": {
        "price": 419,
        "comparativePrice": {
          "pricePerUnit": 105,
          "unitQuantity": 100,
          "unitQuantityUom": "g",
          "measureDescription": "100g"
        }
      },
      "categoryTrees": [
        {
          "level0": "Pets",
          "level1": "Pet Supplies",
          "level2": "Dog Food"
        }
      ],
      "cateredFlag": false
    },
    {
      "productId": "5020735-EA-000",
      "brand": "Pams",
      "name": "Mixed Selection Casserole Cat Food Pouches",
      "displayName": "20 x 100g",
      "availability": [
        "IN_STORE",
        "ONLINE"
      ],
      "saleType": "UNITS",
      "restrictedFlag": false,
      "liquorFlag": false,
      "tobaccoFlag": false,
      "originRegulated": false,
      "singlePrice": {
        "price": 1419,
        "comparativePrice": {
          "pricePerUnit": 71,
          "unitQuantity": 100,
          "unitQuantityUom": "g",
          "measureDescription": "100g"
        }
      },
      "facets": [
        {
          "itemCode": "00020012",
          "itemDescription": "Non-GMO"
        }
      ],
      "categoryTrees": [
        {
          "level0": "Pets",
          "level1": "Pet Supplies",
          "level2": "Cat Food"
        }
      ],
      "cateredFlag": false
    },
    {
      "productId": "5019740-EA-000",
      "brand": "Temptations",
      "name": "Tasty Chicken Flavour Treats For Cats",
      "displayName": "180g",
      "availability": [
        "IN_STORE",
        "ONLINE"
      ],
      "saleType": "UNITS",
      "restrictedFlag": false,
      "liquorFlag": false,
      "tobaccoFlag": false,
      "originRegulated": false,
      "singlePrice": {
        "price": 799,
        "promoId": "128891419",
        "comparativePrice": {
          "pricePerUnit": 444,
          "unitQuantity": 100,
          "unitQuantityUom": "g",
          "measureDescription": "100g"
        }
      },
      "promotions": [
        {
          "promoId": "128891419",
          "rewardValue": 799,
          "decal": "7000",
          "sapType": "BASE",
          "rewardType": "NEW_PRICE",
          "threshold": 1,
          "limit": 0,
          "multiProducts": false,
          "cardDependencyFlag": false,
          "bestPromotion": true,
          "comparativePrice": {
            "pricePerUnit": 444,
            "unitQuantity": 100,
            "unitQuantityUom": "g",
            "measureDescription": "100g"
          }
        }
      ],
      "categoryTrees": [
        {
          "level0": "Pets",
          "level1": "Pet Supplies",
          "level2": "Cat Food"
        }
      ],
      "cateredFlag": false
    },
    {
      "productId": "5210888-EA-000",
      "brand": "Whiskas",
      "name": "Beef Favourites in Gravy Wet Cat Food Pouches",
      "displayName": "18 x 85g",
      "availability": [
        "IN_STORE",
        "ONLINE"
      ],
      "saleType": "UNITS",
      "restrictedFlag": false,
      "liquorFlag": false,
      "tobaccoFlag": false,
      "originRegulated": false,
      "singlePrice": {
        "price": 1549,
        "comparativePrice": {
          "pricePerUnit": 101,
          "unitQuantity": 100,
          "unitQuantityUom": "g",
          "measureDescription": "100g"
        }
      },
      "categoryTrees": [
        {
          "level0": "Pets",
          "level1": "Pet Supplies",
          "level2": "Cat Food"
        }
      ],
      "cateredFlag": false
    },
    {
      "productId": "5281335-EA-000",
      "brand": "Whiskas",
      "name": "Mixed Favourites in Jelly Kitten Wet Cat Food Pouches",
      "displayName": "12 x 85g",
      "availability": [
        "IN_STORE",
        "ONLINE"
      ],
      "saleType": "UNITS",
      "restrictedFlag": false,
      "liquorFlag": false,
      "tobaccoFlag": false,
      "originRegulated": false,
      "singlePrice": {
        "price": 1169,
        "comparativePrice": {
          "pricePerUnit": 115,
          "unitQuantity": 100,
          "unitQuantityUom": "g",
          "measureDescription": "100g"
        }
      },
      "categoryTrees": [
        {
          "level0": "Pets",
          "level1": "Pet Supplies",
          "level2": "Cat Food"
        }
      ],
      "cateredFlag": false
    },
    {
      "productId": "5013828-EA-000",
      "brand": "Chef",
      "name": "Chicken & Ocean Fish Casserole Pouches Cat Food",
      "displayName": "4 x 100g",
      "availability": [
        "IN_STORE",
        "ONLINE"
      ],
      "saleType": "UNITS",
      "restrictedFlag": false,
      "liquorFlag": false,
      "tobaccoFlag": false,
      "originRegulated": false,
      "singlePrice": {
        "price": 369,
        "comparativePrice": {
          "pricePerUnit": 92,
          "unitQuantity": 100,
          "unitQuantityUom": "g",
          "measureDescription": "100g"
        }
      },
      "facets": [
        {
          "itemCode": "00020012",
          "itemDescription": "Non-GMO"
        }
      ],
      "categoryTrees": [
        {
          "level0": "Pets",
          "level1": "Pet Supplies",
          "level2": "Cat Food"
        }
      ],
      "cateredFlag": false
    },
    {
      "productId": "5254089-EA-000",
      "brand": "Dine",
      "name": "Perfect Portions Cuts Pate Entree With Chicken And Liver Wet Cat Food",
      "displayName": "75g",
      "availability": [
        "IN_STORE",
        "ONLINE"
      ],
      "saleType": "UNITS",
      "restrictedFlag": false,
      "liquorFlag": false,
      "tobaccoFlag": false,
      "originRegulated": false,
      "singlePrice": {
        "price": 209,
        "comparativePrice": {
          "pricePerUnit": 279,
          "unitQuantity": 100,
          "unitQuantityUom": "g",
          "measureDescription": "100g"
        }
      },
      "categoryTrees": [
        {
          "level0": "Pets",
          "level1": "Pet Supplies",
          "level2": "Cat Food"
        }
      ],
      "cateredFlag": false
    },
    {
      "productId": "5030870-EA-000",
      "brand": "Pedigree",
      "name": "Puppy Chicken & Rice Dry Dog Food",
      "displayName": "2.5kg",
      "availability": [
        "IN_STORE",
        "ONLINE"
      ],
      "saleType": "UNITS",
      "restrictedFlag": false,
      "liquorFlag": false,
      "tobaccoFlag": false,
      "originRegulated": false,
      "singlePrice": {
        "price": 1899,
        "promoId": "128891404",
        "comparativePrice": {
          "pricePerUnit": 76,
          "unitQuantity": 100,
          "unitQuantityUom": "g",
          "measureDescription": "100g"
        }
      },
      "promotions": [
        {
          "promoId": "128891404",
          "rewardValue": 1899,
          "decal": "7000",
          "sapType": "BASE",
          "rewardType": "NEW_PRICE",
          "threshold": 1,
          "limit": 0,
          "multiProducts": false,
          "cardDependencyFlag": false,
          "bestPromotion": true,
          "comparativePrice": {
            "pricePerUnit": 76,
            "unitQuantity": 100,
            "unitQuantityUom": "g",
            "measureDescription": "100g"
          }
        }
      ],
      "categoryTrees": [
        {
          "level0": "Pets",
          "level1": "Pet Supplies",
          "level2": "Dog Food"
        }
      ],
      "cateredFlag": false
    },
    {
      "productId": "5218370-EA-000",
      "brand": "Chef",
      "name": "Variety Lovers Selection Pouches Cat Food",
      "displayName": "18 x 100g",
      "availability": [
        "IN_STORE",
        "ONLINE"
      ],
      "saleType": "UNITS",
      "restrictedFlag": false,
      "liquorFlag": false,
      "tobaccoFlag": false,
      "originRegulated": false,
      "singlePrice": {
        "price": 1499,
        "comparativePrice": {
          "pricePerUnit": 83,
          "unitQuantity": 100,
          "unitQuantityUom": "g",
          "measureDescription": "100g"
        }
      },
      "facets": [
        {
          "itemCode": "00020012",
          "itemDescription": "Non-GMO"
        }
      ],
      "categoryTrees": [
        {
          "level0": "Pets",
          "level1": "Pet Supplies",
          "level2": "Cat Food"
        }
      ],
      "cateredFlag": false
    },
    {
      "productId": "5218367-EA-000",
      "brand": "Chef",
      "name": "Beef Lovers Variety Selection Pouches Cat Food",
      "displayName": "18 x 100g",
      "availability": [
        "IN_STORE",
        "ONLINE"
      ],
      "saleType": "UNITS",
      "restrictedFlag": false,
      "liquorFlag": false,
      "tobaccoFlag": false,
      "originRegulated": false,
      "singlePrice": {
        "price": 1499,
        "comparativePrice": {
          "pricePerUnit": 83,
          "unitQuantity": 100,
          "unitQuantityUom": "g",
          "measureDescription": "100g"
        }
      },
      "facets": [
        {
          "itemCode": "00020012",
          "itemDescription": "Non-GMO"
        }
      ],
      "categoryTrees": [
        {
          "level0": "Pets",
          "level1": "Pet Supplies",
          "level2": "Cat Food"
        }
      ],
      "cateredFlag": false
    },
    {
      "productId": "5011970-EA-000",
      "brand": "Pedigree",
      "name": "Dentastix Medium Dog Daily Dental Care Dog Treats",
      "displayName": "180g",
      "availability": [
        "IN_STORE",
        "ONLINE"
      ],
      "saleType": "UNITS",
      "restrictedFlag": false,
      "liquorFlag": false,
      "tobaccoFlag": false,
      "originRegulated": false,
      "singlePrice": {
        "price": 599,
        "promoId": "128891403",
        "comparativePrice": {
          "pricePerUnit": 333,
          "unitQuantity": 100,
          "unitQuantityUom": "g",
          "measureDescription": "100g"
        }
      },
      "promotions": [
        {
          "promoId": "128891403",
          "rewardValue": 599,
          "decal": "7000",
          "sapType": "BASE",
          "rewardType": "NEW_PRICE",
          "threshold": 1,
          "limit": 0,
          "multiProducts": false,
          "cardDependencyFlag": false,
          "bestPromotion": true,
          "comparativePrice": {
            "pricePerUnit": 333,
            "unitQuantity": 100,
            "unitQuantityUom": "g",
            "measureDescription": "100g"
          }
        }
      ],
      "categoryTrees": [
        {
          "level0": "Pets",
          "level1": "Pet Supplies",
          "level2": "Dog Treats"
        }
      ],
      "cateredFlag": false
    },
    {
      "productId": "5035786-EA-000",
      "brand": "Whiskas",
      "name": "Chicken Favourites in Gravy Wet Cat Food Pouches",
      "displayName": "4 x 85g",
      "availability": [
        "IN_STORE",
        "ONLINE"
      ],
      "saleType": "UNITS",
      "restrictedFlag": false,
      "liquorFlag": false,
      "tobaccoFlag": false,
      "originRegulated": false,
      "singlePrice": {
        "price": 389,
        "promoId": "128891426",
        "comparativePrice": {
          "pricePerUnit": 114,
          "unitQuantity": 100,
          "unitQuantityUom": "g",
          "measureDescription": "100g"
        }
      },
      "promotions": [
        {
          "promoId": "128891426",
          "rewardValue": 389,
          "decal": "7000",
          "sapType": "BASE",
          "rewardType": "NEW_PRICE",
          "threshold": 1,
          "limit": 0,
          "multiProducts": false,
          "cardDependencyFlag": false,
          "bestPromotion": true,
          "comparativePrice": {
            "pricePerUnit": 114,
            "unitQuantity": 100,
            "unitQuantityUom": "g",
            "measureDescription": "100g"
          }
        }
      ],
      "categoryTrees": [
        {
          "level0": "Pets",
          "level1": "Pet Supplies",
          "level2": "Cat Food"
        }
      ],
      "cateredFlag": false
    },
    {
      "productId": "5016450-EA-000",
      "brand": "VitaPet",
      "name": "Purrfit Lavender Scented Clumping Litter",
      "displayName": "7l",
      "availability": [
        "IN_STORE",
        "ONLINE"
      ],
      "saleType": "UNITS",
      "restrictedFlag": false,
      "liquorFlag": false,
      "tobaccoFlag": false,
      "originRegulated": false,
      "singlePrice": {
        "price": 1099,
        "promoId": "128943258",
        "comparativePrice": {
          "pricePerUnit": 157,
          "unitQuantity": 1,
          "unitQuantityUom": "L",
          "measureDescription": "1L"
        }
      },
      "promotions": [
        {
          "promoId": "128943258",
          "rewardValue": 1099,
          "decal": "6000",
          "sapType": "BASE",
          "rewardType": "NEW_PRICE",
          "threshold": 1,
          "limit": 0,
          "multiProducts": false,
          "cardDependencyFlag": false,
          "bestPromotion": true,
          "comparativePrice": {
            "pricePerUnit": 157,
            "unitQuantity": 1,
            "unitQuantityUom": "L",
            "measureDescription": "1L"
          }
        }
      ],
      "categoryTrees": [
        {
          "level0": "Pets",
          "level1": "Pet Supplies",
          "level2": "Cat Accessories"
        }
      ],
      "cateredFlag": false
    },
    {
      "productId": "5247481-EA-000",
      "brand": "Temptations",
      "name": "Mix Ups Chicken Catnip & Cheddar Flavour Treats For Cats",
      "displayName": "180g",
      "availability": [
        "IN_STORE",
        "ONLINE"
      ],
      "saleType": "UNITS",
      "restrictedFlag": false,
      "liquorFlag": false,
      "tobaccoFlag": false,
      "originRegulated": false,
      "singlePrice": {
        "price": 799,
        "promoId": "128891419",
        "comparativePrice": {
          "pricePerUnit": 444,
          "unitQuantity": 100,
          "unitQuantityUom": "g",
          "measureDescription": "100g"
        }
      },
      "promotions": [
        {
          "promoId": "128891419",
          "rewardValue": 799,
          "decal": "7000",
          "sapType": "BASE",
          "rewardType": "NEW_PRICE",
          "threshold": 1,
          "limit": 0,
          "multiProducts": false,
          "cardDependencyFlag": false,
          "bestPromotion": true,
          "comparativePrice": {
            "pricePerUnit": 444,
            "unitQuantity": 100,
            "unitQuantityUom": "g",
            "measureDescription": "100g"
          }
        }
      ],
      "categoryTrees": [
        {
          "level0": "Pets",
          "level1": "Pet Supplies",
          "level2": "Cat Food"
        }
      ],
      "cateredFlag": false
    },
    {
      "productId": "5281327-EA-000",
      "brand": "Whiskas",
      "name": "Mixed Favourites in Jelly Senior Wet Cat Food Pouches",
      "displayName": "12 x 85g",
      "availability": [
        "IN_STORE",
        "ONLINE"
      ],
      "saleType": "UNITS",
      "restrictedFlag": false,
      "liquorFlag": false,
      "tobaccoFlag": false,
      "originRegulated": false,
      "singlePrice": {
        "price": 1169,
        "comparativePrice": {
          "pricePerUnit": 115,
          "unitQuantity": 100,
          "unitQuantityUom": "g",
          "measureDescription": "100g"
        }
      },
      "categoryTrees": [
        {
          "level0": "Pets",
          "level1": "Pet Supplies",
          "level2": "Cat Food"
        }
      ],
      "cateredFlag": false
    },
    {
      "productId": "5271238-EA-000",
      "brand": "Farmers Market",
      "name": "Real Chicken In Gravy Adult Cat Food",
      "displayName": "80g",
      "availability": [
        "IN_STORE",
        "ONLINE"
      ],
      "saleType": "UNITS",
      "restrictedFlag": false,
      "liquorFlag": false,
      "tobaccoFlag": false,
      "originRegulated": false,
      "singlePrice": {
        "price": 209,
        "promoId": "128929183",
        "comparativePrice": {
          "pricePerUnit": 261,
          "unitQuantity": 100,
          "unitQuantityUom": "g",
          "measureDescription": "100g"
        }
      },
      "promotions": [
        {
          "promoId": "128785572",
          "rewardValue": 819,
          "decal": "6000",
          "sapType": "LAYERED",
          "rewardType": "NEW_PRICE",
          "threshold": 4,
          "multiProducts": false,
          "cardDependencyFlag": false,
          "bestPromotion": true,
          "comparativePrice": {
            "pricePerUnit": 256,
            "unitQuantity": 100,
            "unitQuantityUom": "g",
            "measureDescription": "100g"
          }
        }
      ],
      "categoryTrees": [
        {
          "level0": "Pets",
          "level1": "Pet Supplies",
          "level2": "Cat Food"
        }
      ],
      "cateredFlag": false
    },
    {
      "productId": "5016550-EA-000",
      "brand": "Pams",
      "name": "Mixed Beef Casserole Cat Food Pouches",
      "displayName": "12 x 100g",
      "availability": [
        "IN_STORE",
        "ONLINE"
      ],
      "saleType": "UNITS",
      "restrictedFlag": false,
      "liquorFlag": false,
      "tobaccoFlag": false,
      "originRegulated": false,
      "singlePrice": {
        "price": 899,
        "comparativePrice": {
          "pricePerUnit": 75,
          "unitQuantity": 100,
          "unitQuantityUom": "g",
          "measureDescription": "100g"
        }
      },
      "facets": [
        {
          "itemCode": "00020012",
          "itemDescription": "Non-GMO"
        },
        {
          "itemCode": "00020007",
          "itemDescription": "Dairy Free"
        }
      ],
      "categoryTrees": [
        {
          "level0": "Pets",
          "level1": "Pet Supplies",
          "level2": "Cat Food"
        }
      ],
      "cateredFlag": false
    },
    {
      "productId": "5259792-EA-000",
      "brand": "VitaPet",
      "name": "Chewz Chicken Wrapped Rawhide Dog Treats",
      "displayName": "18pk",
      "availability": [
        "IN_STORE",
        "ONLINE"
      ],
      "saleType": "UNITS",
      "restrictedFlag": false,
      "liquorFlag": false,
      "tobaccoFlag": false,
      "originRegulated": false,
      "singlePrice": {
        "price": 1299,
        "promoId": "128943269",
        "comparativePrice": {
          "pricePerUnit": 72,
          "unitQuantity": 1,
          "unitQuantityUom": "ea",
          "measureDescription": "ea"
        }
      },
      "promotions": [
        {
          "promoId": "128943269",
          "rewardValue": 1299,
          "decal": "6000",
          "sapType": "BASE",
          "rewardType": "NEW_PRICE",
          "threshold": 1,
          "limit": 0,
          "multiProducts": false,
          "cardDependencyFlag": false,
          "bestPromotion": true,
          "comparativePrice": {
            "pricePerUnit": 72,
            "unitQuantity": 1,
            "unitQuantityUom": "ea",
            "measureDescription": "ea"
          }
        }
      ],
      "categoryTrees": [
        {
          "level0": "Pets",
          "level1": "Pet Supplies",
          "level2": "Dog Treats"
        }
      ],
      "cateredFlag": false
    },
    {
      "productId": "5002794-EA-000",
      "brand": "Butch",
      "name": "White Label Dog Food",
      "displayName": "2kg",
      "availability": [
        "IN_STORE",
        "ONLINE"
      ],
      "saleType": "UNITS",
      "restrictedFlag": false,
      "liquorFlag": false,
      "tobaccoFlag": false,
      "originRegulated": false,
      "singlePrice": {
        "price": 769,
        "promoId": "128943340",
        "comparativePrice": {
          "pricePerUnit": 38,
          "unitQuantity": 100,
          "unitQuantityUom": "g",
          "measureDescription": "100g"
        }
      },
      "promotions": [
        {
          "promoId": "128943340",
          "rewardValue": 769,
          "decal": "6000",
          "sapType": "BASE",
          "rewardType": "NEW_PRICE",
          "threshold": 1,
          "limit": 0,
          "multiProducts": false,
          "cardDependencyFlag": false,
          "bestPromotion": true,
          "comparativePrice": {
            "pricePerUnit": 38,
            "unitQuantity": 100,
            "unitQuantityUom": "g",
            "measureDescription": "100g"
          }
        }
      ],
      "facets": [
        {
          "itemCode": "00020004",
          "itemDescription": "Gluten Free"
        },
        {
          "itemCode": "00020010",
          "itemDescription": "Low Salt"
        },
        {
          "itemCode": "00020011",
          "itemDescription": "Low Sugar"
        }
      ],
      "categoryTrees": [
        {
          "level0": "Pets",
          "level1": "Pet Supplies",
          "level2": "Dog Food"
        }
      ],
      "cateredFlag": false
    },
    {
      "productId": "5210892-EA-000",
      "brand": "Whiskas",
      "name": "Beef Favourites in Jelly Wet Cat Food Pouches",
      "displayName": "4 x 85g",
      "availability": [
        "IN_STORE",
        "ONLINE"
      ],
      "saleType": "UNITS",
      "restrictedFlag": false,
      "liquorFlag": false,
      "tobaccoFlag": false,
      "originRegulated": false,
      "singlePrice": {
        "price": 389,
        "promoId": "128891426",
        "comparativePrice": {
          "pricePerUnit": 114,
          "unitQuantity": 100,
          "unitQuantityUom": "g",
          "measureDescription": "100g"
        }
      },
      "promotions": [
        {
          "promoId": "128891426",
          "rewardValue": 389,
          "decal": "7000",
          "sapType": "BASE",
          "rewardType": "NEW_PRICE",
          "threshold": 1,
          "limit": 0,
          "multiProducts": false,
          "cardDependencyFlag": false,
          "bestPromotion": true,
          "comparativePrice": {
            "pricePerUnit": 114,
            "unitQuantity": 100,
            "unitQuantityUom": "g",
            "measureDescription": "100g"
          }
        }
      ],
      "categoryTrees": [
        {
          "level0": "Pets",
          "level1": "Pet Supplies",
          "level2": "Cat Food"
        }
      ],
      "cateredFlag": false
    },
    {
      "productId": "5014040-EA-000",
      "brand": "Chef",
      "name": "Meat Lovers Variety of Flavour Glaze Pouches Cat Food",
      "displayName": "12 x 100g",
      "availability": [
        "IN_STORE",
        "ONLINE"
      ],
      "saleType": "UNITS",
      "restrictedFlag": false,
      "liquorFlag": false,
      "tobaccoFlag": false,
      "originRegulated": false,
      "singlePrice": {
        "price": 849,
        "promoId": "128943386",
        "comparativePrice": {
          "pricePerUnit": 71,
          "unitQuantity": 100,
          "unitQuantityUom": "g",
          "measureDescription": "100g"
        }
      },
      "promotions": [
        {
          "promoId": "128943386",
          "rewardValue": 849,
          "decal": "6000",
          "sapType": "BASE",
          "rewardType": "NEW_PRICE",
          "threshold": 1,
          "limit": 0,
          "multiProducts": false,
          "cardDependencyFlag": false,
          "bestPromotion": true,
          "comparativePrice": {
            "pricePerUnit": 71,
            "unitQuantity": 100,
            "unitQuantityUom": "g",
            "measureDescription": "100g"
          }
        }
      ],
      "facets": [
        {
          "itemCode": "00020012",
          "itemDescription": "Non-GMO"
        }
      ],
      "categoryTrees": [
        {
          "level0": "Pets",
          "level1": "Pet Supplies",
          "level2": "Cat Food"
        }
      ],
      "cateredFlag": false
    },
    {
      "productId": "5014847-EA-000",
      "brand": "Temptations",
      "name": "Tasty Chicken Flavour Treats For Cats",
      "displayName": "85g",
      "availability": [
        "IN_STORE",
        "ONLINE"
      ],
      "saleType": "UNITS",
      "restrictedFlag": false,
      "liquorFlag": false,
      "tobaccoFlag": false,
      "originRegulated": false,
      "singlePrice": {
        "price": 469,
        "comparativePrice": {
          "pricePerUnit": 552,
          "unitQuantity": 100,
          "unitQuantityUom": "g",
          "measureDescription": "100g"
        }
      },
      "categoryTrees": [
        {
          "level0": "Pets",
          "level1": "Pet Supplies",
          "level2": "Cat Food"
        }
      ],
      "cateredFlag": false
    },
    {
      "productId": "5254092-EA-000",
      "brand": "Dine",
      "name": "Perfect Portions Pate Entree With Delicate Whitefish And Tuna Wet Cat Food",
      "displayName": "75g",
      "availability": [
        "IN_STORE",
        "ONLINE"
      ],
      "saleType": "UNITS",
      "restrictedFlag": false,
      "liquorFlag": false,
      "tobaccoFlag": false,
      "originRegulated": false,
      "singlePrice": {
        "price": 209,
        "comparativePrice": {
          "pricePerUnit": 279,
          "unitQuantity": 100,
          "unitQuantityUom": "g",
          "measureDescription": "100g"
        }
      },
      "categoryTrees": [
        {
          "level0": "Pets",
          "level1": "Pet Supplies",
          "level2": "Cat Food"
        }
      ],
      "cateredFlag": false
    },
    {
      "productId": "5204775-EA-000",
      "brand": "Fussy Cat",
      "name": "Grainfree Salmon Whitefish & Olive Oil Premium Adult Cat Food",
      "displayName": "2.5kg",
      "availability": [
        "IN_STORE",
        "ONLINE"
      ],
      "saleType": "UNITS",
      "restrictedFlag": false,
      "liquorFlag": false,
      "tobaccoFlag": false,
      "originRegulated": false,
      "singlePrice": {
        "price": 1979,
        "promoId": "128785567",
        "comparativePrice": {
          "pricePerUnit": 79,
          "unitQuantity": 100,
          "unitQuantityUom": "g",
          "measureDescription": "100g"
        }
      },
      "promotions": [
        {
          "promoId": "128785567",
          "rewardValue": 1979,
          "decal": "6000",
          "sapType": "BASE",
          "rewardType": "NEW_PRICE",
          "threshold": 1,
          "limit": 0,
          "multiProducts": false,
          "cardDependencyFlag": false,
          "bestPromotion": true,
          "comparativePrice": {
            "pricePerUnit": 79,
            "unitQuantity": 100,
            "unitQuantityUom": "g",
            "measureDescription": "100g"
          }
        }
      ],
      "categoryTrees": [
        {
          "level0": "Pets",
          "level1": "Pet Supplies",
          "level2": "Cat Food"
        }
      ],
      "cateredFlag": false
    },
    {
      "productId": "5228831-EA-000",
      "brand": "Dine",
      "name": "Creamy Treats Chicken Flavour Cat Treats",
      "displayName": "48g",
      "availability": [
        "IN_STORE",
        "ONLINE"
      ],
      "saleType": "UNITS",
      "restrictedFlag": false,
      "liquorFlag": false,
      "tobaccoFlag": false,
      "originRegulated": false,
      "singlePrice": {
        "price": 399,
        "promoId": "128891396",
        "comparativePrice": {
          "pricePerUnit": 831,
          "unitQuantity": 100,
          "unitQuantityUom": "g",
          "measureDescription": "100g"
        }
      },
      "promotions": [
        {
          "promoId": "128891396",
          "rewardValue": 399,
          "decal": "7000",
          "sapType": "BASE",
          "rewardType": "NEW_PRICE",
          "threshold": 1,
          "limit": 0,
          "multiProducts": false,
          "cardDependencyFlag": false,
          "bestPromotion": true,
          "comparativePrice": {
            "pricePerUnit": 831,
            "unitQuantity": 100,
            "unitQuantityUom": "g",
            "measureDescription": "100g"
          }
        }
      ],
      "categoryTrees": [
        {
          "level0": "Pets",
          "level1": "Pet Supplies",
          "level2": "Cat Treats"
        }
      ],
      "cateredFlag": false
    },
    {
      "productId": "5034180-EA-000",
      "brand": "Natures Goodness",
      "name": "Grain Free Tender Lamb & Rosemary with Steamed Vegetables Dog Food",
      "displayName": "400g",
      "availability": [
        "IN_STORE",
        "ONLINE"
      ],
      "saleType": "UNITS",
      "restrictedFlag": false,
      "liquorFlag": false,
      "tobaccoFlag": false,
      "originRegulated": false,
      "singlePrice": {
        "price": 339,
        "promoId": "128785540",
        "comparativePrice": {
          "pricePerUnit": 85,
          "unitQuantity": 100,
          "unitQuantityUom": "g",
          "measureDescription": "100g"
        }
      },
      "promotions": [
        {
          "promoId": "128785540",
          "rewardValue": 339,
          "decal": "6000",
          "sapType": "BASE",
          "rewardType": "NEW_PRICE",
          "threshold": 1,
          "limit": 0,
          "multiProducts": false,
          "cardDependencyFlag": false,
          "bestPromotion": true,
          "comparativePrice": {
            "pricePerUnit": 85,
            "unitQuantity": 100,
            "unitQuantityUom": "g",
            "measureDescription": "100g"
          }
        }
      ],
      "categoryTrees": [
        {
          "level0": "Pets",
          "level1": "Pet Supplies",
          "level2": "Dog Food"
        }
      ],
      "cateredFlag": false
    },
    {
      "productId": "5254086-EA-000",
      "brand": "Dine",
      "name": "Perfect Portions Pate Entree With Tender Beef Wet Cat Food",
      "displayName": "75g",
      "availability": [
        "IN_STORE",
        "ONLINE"
      ],
      "saleType": "UNITS",
      "restrictedFlag": false,
      "liquorFlag": false,
      "tobaccoFlag": false,
      "originRegulated": false,
      "singlePrice": {
        "price": 209,
        "comparativePrice": {
          "pricePerUnit": 279,
          "unitQuantity": 100,
          "unitQuantityUom": "g",
          "measureDescription": "100g"
        }
      },
      "categoryTrees": [
        {
          "level0": "Pets",
          "level1": "Pet Supplies",
          "level2": "Cat Food"
        }
      ],
      "cateredFlag": false
    },
    {
      "productId": "5016230-EA-000",
      "brand": "Dine",
      "name": "Desire Pure Tuna Whitemeat Wet Cat Food",
      "displayName": "85g",
      "availability": [
        "IN_STORE",
        "ONLINE"
      ],
      "saleType": "UNITS",
      "restrictedFlag": false,
      "liquorFlag": false,
      "tobaccoFlag": false,
      "originRegulated": false,
      "singlePrice": {
        "price": 209,
        "promoId": "128891399",
        "comparativePrice": {
          "pricePerUnit": 246,
          "unitQuantity": 100,
          "unitQuantityUom": "g",
          "measureDescription": "100g"
        }
      },
      "promotions": [
        {
          "promoId": "128891399",
          "rewardValue": 209,
          "decal": "7000",
          "sapType": "BASE",
          "rewardType": "NEW_PRICE",
          "threshold": 1,
          "limit": 0,
          "multiProducts": false,
          "cardDependencyFlag": false,
          "bestPromotion": true,
          "comparativePrice": {
            "pricePerUnit": 246,
            "unitQuantity": 100,
            "unitQuantityUom": "g",
            "measureDescription": "100g"
          }
        }
      ],
      "categoryTrees": [
        {
          "level0": "Pets",
          "level1": "Pet Supplies",
          "level2": "Cat Food"
        }
      ],
      "cateredFlag": false
    },
    {
      "productId": "5228994-EA-000",
      "brand": "Value",
      "name": "Wild Bird Seed Mix",
      "displayName": "1kg",
      "availability": [
        "IN_STORE",
        "ONLINE"
      ],
      "saleType": "UNITS",
      "restrictedFlag": false,
      "liquorFlag": false,
      "tobaccoFlag": false,
      "originRegulated": false,
      "singlePrice": {
        "price": 469,
        "comparativePrice": {
          "pricePerUnit": 47,
          "unitQuantity": 100,
          "unitQuantityUom": "g",
          "measureDescription": "100g"
        }
      },
      "facets": [
        {
          "itemCode": "00020012",
          "itemDescription": "Non-GMO"
        }
      ],
      "categoryTrees": [
        {
          "level0": "Pets",
          "level1": "Pet Supplies",
          "level2": "Bird Supplies"
        }
      ],
      "cateredFlag": false
    },
    {
      "productId": "5038179-EA-000",
      "brand": "Temptations",
      "name": "Tasty Chicken Flavour Treats For Cats",
      "displayName": "350g",
      "availability": [
        "IN_STORE",
        "ONLINE"
      ],
      "saleType": "UNITS",
      "restrictedFlag": false,
      "liquorFlag": false,
      "tobaccoFlag": false,
      "originRegulated": false,
      "singlePrice": {
        "price": 1399,
        "promoId": "128891408",
        "comparativePrice": {
          "pricePerUnit": 400,
          "unitQuantity": 100,
          "unitQuantityUom": "g",
          "measureDescription": "100g"
        }
      },
      "promotions": [
        {
          "promoId": "128891408",
          "rewardValue": 1399,
          "decal": "7000",
          "sapType": "BASE",
          "rewardType": "NEW_PRICE",
          "threshold": 1,
          "limit": 0,
          "multiProducts": false,
          "cardDependencyFlag": false,
          "bestPromotion": true,
          "comparativePrice": {
            "pricePerUnit": 400,
            "unitQuantity": 100,
            "unitQuantityUom": "g",
            "measureDescription": "100g"
          }
        }
      ],
      "categoryTrees": [
        {
          "level0": "Pets",
          "level1": "Pet Supplies",
          "level2": "Cat Food"
        }
      ],
      "cateredFlag": false
    },
    {
      "productId": "5210876-EA-000",
      "brand": "Whiskas",
      "name": "Tuna Flavour Favourites In Jelly Wet Cat Food Pouches",
      "displayName": "4 x 85g",
      "availability": [
        "IN_STORE",
        "ONLINE"
      ],
      "saleType": "UNITS",
      "restrictedFlag": false,
      "liquorFlag": false,
      "tobaccoFlag": false,
      "originRegulated": false,
      "singlePrice": {
        "price": 389,
        "promoId": "128891426",
        "comparativePrice": {
          "pricePerUnit": 114,
          "unitQuantity": 100,
          "unitQuantityUom": "g",
          "measureDescription": "100g"
        }
      },
      "promotions": [
        {
          "promoId": "128891426",
          "rewardValue": 389,
          "decal": "7000",
          "sapType": "BASE",
          "rewardType": "NEW_PRICE",
          "threshold": 1,
          "limit": 0,
          "multiProducts": false,
          "cardDependencyFlag": false,
          "bestPromotion": true,
          "comparativePrice": {
            "pricePerUnit": 114,
            "unitQuantity": 100,
            "unitQuantityUom": "g",
            "measureDescription": "100g"
          }
        }
      ],
      "categoryTrees": [
        {
          "level0": "Pets",
          "level1": "Pet Supplies",
          "level2": "Cat Food"
        }
      ],
      "cateredFlag": false
    },
    {
      "productId": "5287885-EA-000",
      "brand": "Love'em",
      "name": "Grainfree Dog Treats Lamb Jerky With Rosemary Flavour",
      "displayName": "200g",
      "availability": [
        "IN_STORE",
        "ONLINE"
      ],
      "saleType": "UNITS",
      "restrictedFlag": false,
      "liquorFlag": false,
      "tobaccoFlag": false,
      "originRegulated": false,
      "singlePrice": {
        "price": 599,
        "promoId": "128785551",
        "comparativePrice": {
          "pricePerUnit": 300,
          "unitQuantity": 100,
          "unitQuantityUom": "g",
          "measureDescription": "100g"
        }
      },
      "promotions": [
        {
          "promoId": "128785551",
          "rewardValue": 599,
          "decal": "6000",
          "sapType": "BASE",
          "rewardType": "NEW_PRICE",
          "threshold": 1,
          "limit": 0,
          "multiProducts": false,
          "cardDependencyFlag": false,
          "bestPromotion": true,
          "comparativePrice": {
            "pricePerUnit": 300,
            "unitQuantity": 100,
            "unitQuantityUom": "g",
            "measureDescription": "100g"
          }
        }
      ],
      "categoryTrees": [
        {
          "level0": "Pets",
          "level1": "Pet Supplies",
          "level2": "Dog Treats"
        }
      ],
      "cateredFlag": false
    },
    {
      "productId": "5281334-EA-000",
      "brand": "Whiskas",
      "name": "Chicken Favourites In Jelly  Senior Wet Cat Food Pouches",
      "displayName": "4 x 85g",
      "availability": [
        "IN_STORE",
        "ONLINE"
      ],
      "saleType": "UNITS",
      "restrictedFlag": false,
      "liquorFlag": false,
      "tobaccoFlag": false,
      "originRegulated": false,
      "singlePrice": {
        "price": 389,
        "promoId": "128891426",
        "comparativePrice": {
          "pricePerUnit": 114,
          "unitQuantity": 100,
          "unitQuantityUom": "g",
          "measureDescription": "100g"
        }
      },
      "promotions": [
        {
          "promoId": "128891426",
          "rewardValue": 389,
          "decal": "7000",
          "sapType": "BASE",
          "rewardType": "NEW_PRICE",
          "threshold": 1,
          "limit": 0,
          "multiProducts": false,
          "cardDependencyFlag": false,
          "bestPromotion": true,
          "comparativePrice": {
            "pricePerUnit": 114,
            "unitQuantity": 100,
            "unitQuantityUom": "g",
            "measureDescription": "100g"
          }
        }
      ],
      "categoryTrees": [
        {
          "level0": "Pets",
          "level1": "Pet Supplies",
          "level2": "Cat Food"
        }
      ],
      "cateredFlag": false
    },
    {
      "productId": "5013704-EA-000",
      "brand": "Chef",
      "name": "Variety of Fish Casserole Pouches Cat Food",
      "displayName": "12 x 100g",
      "availability": [
        "IN_STORE",
        "ONLINE"
      ],
      "saleType": "UNITS",
      "restrictedFlag": false,
      "liquorFlag": false,
      "tobaccoFlag": false,
      "originRegulated": false,
      "singlePrice": {
        "price": 849,
        "promoId": "128943386",
        "comparativePrice": {
          "pricePerUnit": 71,
          "unitQuantity": 100,
          "unitQuantityUom": "g",
          "measureDescription": "100g"
        }
      },
      "promotions": [
        {
          "promoId": "128943386",
          "rewardValue": 849,
          "decal": "6000",
          "sapType": "BASE",
          "rewardType": "NEW_PRICE",
          "threshold": 1,
          "limit": 0,
          "multiProducts": false,
          "cardDependencyFlag": false,
          "bestPromotion": true,
          "comparativePrice": {
            "pricePerUnit": 71,
            "unitQuantity": 100,
            "unitQuantityUom": "g",
            "measureDescription": "100g"
          }
        }
      ],
      "categoryTrees": [
        {
          "level0": "Pets",
          "level1": "Pet Supplies",
          "level2": "Cat Food"
        }
      ],
      "cateredFlag": false
    },
    {
      "productId": "5282578-EA-000",
      "brand": "Whiskas",
      "name": "So Fishy Recipes Ocean Platter In Jelly Wet Cat Food Pouches",
      "displayName": "15 x 85g",
      "availability": [
        "IN_STORE",
        "ONLINE"
      ],
      "saleType": "UNITS",
      "restrictedFlag": false,
      "liquorFlag": false,
      "tobaccoFlag": false,
      "originRegulated": false,
      "singlePrice": {
        "price": 1549,
        "comparativePrice": {
          "pricePerUnit": 121,
          "unitQuantity": 100,
          "unitQuantityUom": "g",
          "measureDescription": "100g"
        }
      },
      "categoryTrees": [
        {
          "level0": "Pets",
          "level1": "Pet Supplies",
          "level2": "Cat Food"
        }
      ],
      "cateredFlag": false
    },
    {
      "productId": "5030866-EA-000",
      "brand": "Whiskas",
      "name": "Chicken Favourites In Gravy Adult Wet Cat Food Pouches",
      "displayName": "12 x 85g",
      "availability": [
        "IN_STORE",
        "ONLINE"
      ],
      "saleType": "UNITS",
      "restrictedFlag": false,
      "liquorFlag": false,
      "tobaccoFlag": false,
      "originRegulated": false,
      "singlePrice": {
        "price": 1169,
        "comparativePrice": {
          "pricePerUnit": 115,
          "unitQuantity": 100,
          "unitQuantityUom": "g",
          "measureDescription": "100g"
        }
      },
      "categoryTrees": [
        {
          "level0": "Pets",
          "level1": "Pet Supplies",
          "level2": "Cat Food"
        }
      ],
      "cateredFlag": false
    },
    {
      "productId": "5204835-EA-000",
      "brand": "Fussy Cat",
      "name": "Grainfree Chicken & Turkey With Cranberry Premium Adult Cat Food",
      "displayName": "2.5kg",
      "availability": [
        "IN_STORE",
        "ONLINE"
      ],
      "saleType": "UNITS",
      "restrictedFlag": false,
      "liquorFlag": false,
      "tobaccoFlag": false,
      "originRegulated": false,
      "singlePrice": {
        "price": 1979,
        "promoId": "128785570",
        "comparativePrice": {
          "pricePerUnit": 79,
          "unitQuantity": 100,
          "unitQuantityUom": "g",
          "measureDescription": "100g"
        }
      },
      "promotions": [
        {
          "promoId": "128785570",
          "rewardValue": 1979,
          "decal": "6000",
          "sapType": "BASE",
          "rewardType": "NEW_PRICE",
          "threshold": 1,
          "limit": 0,
          "multiProducts": false,
          "cardDependencyFlag": false,
          "bestPromotion": true,
          "comparativePrice": {
            "pricePerUnit": 79,
            "unitQuantity": 100,
            "unitQuantityUom": "g",
            "measureDescription": "100g"
          }
        }
      ],
      "categoryTrees": [
        {
          "level0": "Pets",
          "level1": "Pet Supplies",
          "level2": "Cat Food"
        }
      ],
      "cateredFlag": false
    },
    {
      "productId": "5247822-EA-000",
      "brand": "Temptations",
      "name": "Mix Ups Chicken Beef & Turkey Flavour Treats For Cats",
      "displayName": "180g",
      "availability": [
        "IN_STORE",
        "ONLINE"
      ],
      "saleType": "UNITS",
      "restrictedFlag": false,
      "liquorFlag": false,
      "tobaccoFlag": false,
      "originRegulated": false,
      "singlePrice": {
        "price": 799,
        "promoId": "128891419",
        "comparativePrice": {
          "pricePerUnit": 444,
          "unitQuantity": 100,
          "unitQuantityUom": "g",
          "measureDescription": "100g"
        }
      },
      "promotions": [
        {
          "promoId": "128891419",
          "rewardValue": 799,
          "decal": "7000",
          "sapType": "BASE",
          "rewardType": "NEW_PRICE",
          "threshold": 1,
          "limit": 0,
          "multiProducts": false,
          "cardDependencyFlag": false,
          "bestPromotion": true,
          "comparativePrice": {
            "pricePerUnit": 444,
            "unitQuantity": 100,
            "unitQuantityUom": "g",
            "measureDescription": "100g"
          }
        }
      ],
      "categoryTrees": [
        {
          "level0": "Pets",
          "level1": "Pet Supplies",
          "level2": "Cat Food"
        }
      ],
      "cateredFlag": false
    },
    {
      "productId": "5022419-EA-000",
      "brand": "Whiskas",
      "name": "So Meaty Shredded Chicken With Duck In Gravy Wet Cat Food Pouches",
      "displayName": "3 x 85g",
      "availability": [
        "IN_STORE",
        "ONLINE"
      ],
      "saleType": "UNITS",
      "restrictedFlag": false,
      "liquorFlag": false,
      "tobaccoFlag": false,
      "originRegulated": false,
      "singlePrice": {
        "price": 389,
        "promoId": "128891426",
        "comparativePrice": {
          "pricePerUnit": 153,
          "unitQuantity": 100,
          "unitQuantityUom": "g",
          "measureDescription": "100g"
        }
      },
      "promotions": [
        {
          "promoId": "128891426",
          "rewardValue": 389,
          "decal": "7000",
          "sapType": "BASE",
          "rewardType": "NEW_PRICE",
          "threshold": 1,
          "limit": 0,
          "multiProducts": false,
          "cardDependencyFlag": false,
          "bestPromotion": true,
          "comparativePrice": {
            "pricePerUnit": 153,
            "unitQuantity": 100,
            "unitQuantityUom": "g",
            "measureDescription": "100g"
          }
        }
      ],
      "categoryTrees": [
        {
          "level0": "Pets",
          "level1": "Pet Supplies",
          "level2": "Cat Food"
        }
      ],
      "cateredFlag": false
    },
    {
      "productId": "5287887-EA-000",
      "brand": "Love'em",
      "name": "Beef Jerky With Tomato Dog Treats",
      "displayName": "200g",
      "availability": [
        "IN_STORE",
        "ONLINE"
      ],
      "saleType": "UNITS",
      "restrictedFlag": false,
      "liquorFlag": false,
      "tobaccoFlag": false,
      "originRegulated": false,
      "singlePrice": {
        "price": 599,
        "promoId": "128785550",
        "comparativePrice": {
          "pricePerUnit": 300,
          "unitQuantity": 100,
          "unitQuantityUom": "g",
          "measureDescription": "100g"
        }
      },
      "promotions": [
        {
          "promoId": "128785550",
          "rewardValue": 599,
          "decal": "6000",
          "sapType": "BASE",
          "rewardType": "NEW_PRICE",
          "threshold": 1,
          "limit": 0,
          "multiProducts": false,
          "cardDependencyFlag": false,
          "bestPromotion": true,
          "comparativePrice": {
            "pricePerUnit": 300,
            "unitQuantity": 100,
            "unitQuantityUom": "g",
            "measureDescription": "100g"
          }
        }
      ],
      "categoryTrees": [
        {
          "level0": "Pets",
          "level1": "Pet Supplies",
          "level2": "Dog Treats"
        }
      ],
      "cateredFlag": false
    },
    {
      "productId": "5027417-EA-000",
      "brand": "VitaPet",
      "name": "Chewz Chicken Wrapped Rawhide Dog Treats",
      "displayName": "1pk",
      "availability": [
        "IN_STORE",
        "ONLINE"
      ],
      "saleType": "UNITS",
      "restrictedFlag": false,
      "liquorFlag": false,
      "tobaccoFlag": false,
      "originRegulated": false,
      "singlePrice": {
        "price": 749
      },
      "categoryTrees": [
        {
          "level0": "Pets",
          "level1": "Pet Supplies",
          "level2": "Dog Treats"
        }
      ],
      "cateredFlag": false
    },
    {
      "productId": "5027413-EA-000",
      "brand": "VitaPet",
      "name": "Chewz Chicken Wrapped Rawhide Dog Treat",
      "displayName": "7pk",
      "availability": [
        "IN_STORE",
        "ONLINE"
      ],
      "saleType": "UNITS",
      "restrictedFlag": false,
      "liquorFlag": false,
      "tobaccoFlag": false,
      "originRegulated": false,
      "singlePrice": {
        "price": 599,
        "promoId": "128943229",
        "comparativePrice": {
          "pricePerUnit": 86,
          "unitQuantity": 1,
          "unitQuantityUom": "ea",
          "measureDescription": "ea"
        }
      },
      "promotions": [
        {
          "promoId": "128943229",
          "rewardValue": 599,
          "decal": "6000",
          "sapType": "BASE",
          "rewardType": "NEW_PRICE",
          "threshold": 1,
          "limit": 0,
          "multiProducts": false,
          "cardDependencyFlag": false,
          "bestPromotion": true,
          "comparativePrice": {
            "pricePerUnit": 86,
            "unitQuantity": 1,
            "unitQuantityUom": "ea",
            "measureDescription": "ea"
          }
        }
      ],
      "categoryTrees": [
        {
          "level0": "Pets",
          "level1": "Pet Supplies",
          "level2": "Dog Treats"
        }
      ],
      "cateredFlag": false
    },
    {
      "productId": "5021633-EA-000",
      "brand": "Chef",
      "name": "Kitten Variety of Loaf Pouches Cat Food",
      "displayName": "12 x 85g",
      "availability": [
        "IN_STORE",
        "ONLINE"
      ],
      "saleType": "UNITS",
      "restrictedFlag": false,
      "liquorFlag": false,
      "tobaccoFlag": false,
      "originRegulated": false,
      "singlePrice": {
        "price": 849,
        "promoId": "128943386",
        "comparativePrice": {
          "pricePerUnit": 83,
          "unitQuantity": 100,
          "unitQuantityUom": "g",
          "measureDescription": "100g"
        }
      },
      "promotions": [
        {
          "promoId": "128943386",
          "rewardValue": 849,
          "decal": "6000",
          "sapType": "BASE",
          "rewardType": "NEW_PRICE",
          "threshold": 1,
          "limit": 0,
          "multiProducts": false,
          "cardDependencyFlag": false,
          "bestPromotion": true,
          "comparativePrice": {
            "pricePerUnit": 83,
            "unitQuantity": 100,
            "unitQuantityUom": "g",
            "measureDescription": "100g"
          }
        }
      ],
      "facets": [
        {
          "itemCode": "00020012",
          "itemDescription": "Non-GMO"
        }
      ],
      "categoryTrees": [
        {
          "level0": "Pets",
          "level1": "Pet Supplies",
          "level2": "Cat Food"
        }
      ],
      "cateredFlag": false
    },
    {
      "productId": "5024559-EA-000",
      "brand": "Pedigree",
      "name": "Senior 7+ with Real Turkey Dry Dog Food",
      "displayName": "3kg",
      "availability": [
        "IN_STORE",
        "ONLINE"
      ],
      "saleType": "UNITS",
      "restrictedFlag": false,
      "liquorFlag": false,
      "tobaccoFlag": false,
      "originRegulated": false,
      "singlePrice": {
        "price": 1899,
        "promoId": "128891404",
        "comparativePrice": {
          "pricePerUnit": 63,
          "unitQuantity": 100,
          "unitQuantityUom": "g",
          "measureDescription": "100g"
        }
      },
      "promotions": [
        {
          "promoId": "128891404",
          "rewardValue": 1899,
          "decal": "7000",
          "sapType": "BASE",
          "rewardType": "NEW_PRICE",
          "threshold": 1,
          "limit": 0,
          "multiProducts": false,
          "cardDependencyFlag": false,
          "bestPromotion": true,
          "comparativePrice": {
            "pricePerUnit": 63,
            "unitQuantity": 100,
            "unitQuantityUom": "g",
            "measureDescription": "100g"
          }
        }
      ],
      "categoryTrees": [
        {
          "level0": "Pets",
          "level1": "Pet Supplies",
          "level2": "Dog Food"
        }
      ],
      "cateredFlag": false
    },
    {
      "productId": "5204770-EA-000",
      "brand": "Fussy Cat",
      "name": "Grainfree Beef & Kangaroo With Sweet Potato Gravy Premium Adult Cat Food",
      "displayName": "85g",
      "availability": [
        "IN_STORE",
        "ONLINE"
      ],
      "saleType": "UNITS",
      "restrictedFlag": false,
      "liquorFlag": false,
      "tobaccoFlag": false,
      "originRegulated": false,
      "singlePrice": {
        "price": 169,
        "comparativePrice": {
          "pricePerUnit": 199,
          "unitQuantity": 100,
          "unitQuantityUom": "g",
          "measureDescription": "100g"
        }
      },
      "promotions": [
        {
          "promoId": "128785559",
          "rewardValue": 589,
          "decal": "6000",
          "sapType": "LAYERED",
          "rewardType": "NEW_PRICE",
          "threshold": 4,
          "multiProducts": false,
          "cardDependencyFlag": false,
          "bestPromotion": true,
          "comparativePrice": {
            "pricePerUnit": 173,
            "unitQuantity": 100,
            "unitQuantityUom": "g",
            "measureDescription": "100g"
          }
        }
      ],
      "categoryTrees": [
        {
          "level0": "Pets",
          "level1": "Pet Supplies",
          "level2": "Cat Food"
        }
      ],
      "cateredFlag": false
    },
    {
      "productId": "5093047-EA-000",
      "brand": "Possyum",
      "name": "Supreme Dog Roll",
      "displayName": "750g",
      "availability": [
        "IN_STORE",
        "ONLINE"
      ],
      "saleType": "UNITS",
      "restrictedFlag": false,
      "liquorFlag": false,
      "tobaccoFlag": false,
      "originRegulated": false,
      "singlePrice": {
        "price": 749,
        "comparativePrice": {
          "pricePerUnit": 100,
          "unitQuantity": 100,
          "unitQuantityUom": "g",
          "measureDescription": "100g"
        }
      },
      "categoryTrees": [
        {
          "level0": "Pets",
          "level1": "Pet Supplies",
          "level2": "Dog Food"
        }
      ],
      "cateredFlag": false
    },
    {
      "productId": "5245741-EA-000",
      "brand": "Perfect",
      "name": "Grain Free Beef Dog Roll",
      "displayName": "2kg",
      "availability": [
        "IN_STORE",
        "ONLINE"
      ],
      "saleType": "UNITS",
      "restrictedFlag": false,
      "liquorFlag": false,
      "tobaccoFlag": false,
      "originRegulated": false,
      "singlePrice": {
        "price": 1199,
        "comparativePrice": {
          "pricePerUnit": 60,
          "unitQuantity": 100,
          "unitQuantityUom": "g",
          "measureDescription": "100g"
        }
      },
      "facets": [
        {
          "itemCode": "00020004",
          "itemDescription": "Gluten Free"
        },
        {
          "itemCode": "00020011",
          "itemDescription": "Low Sugar"
        }
      ],
      "categoryTrees": [
        {
          "level0": "Pets",
          "level1": "Pet Supplies",
          "level2": "Dog Food"
        }
      ],
      "cateredFlag": false
    },
    {
      "productId": "5204769-EA-000",
      "brand": "Fussy Cat",
      "name": "Grainfree Salmon & Oceanfish With Olive Oil Loaf Premium Adult Cat Food",
      "displayName": "85g",
      "availability": [
        "IN_STORE",
        "ONLINE"
      ],
      "saleType": "UNITS",
      "restrictedFlag": false,
      "liquorFlag": false,
      "tobaccoFlag": false,
      "originRegulated": false,
      "singlePrice": {
        "price": 169,
        "comparativePrice": {
          "pricePerUnit": 199,
          "unitQuantity": 100,
          "unitQuantityUom": "g",
          "measureDescription": "100g"
        }
      },
      "promotions": [
        {
          "promoId": "128785557",
          "rewardValue": 589,
          "decal": "6000",
          "sapType": "LAYERED",
          "rewardType": "NEW_PRICE",
          "threshold": 4,
          "multiProducts": false,
          "cardDependencyFlag": false,
          "bestPromotion": true,
          "comparativePrice": {
            "pricePerUnit": 173,
            "unitQuantity": 100,
            "unitQuantityUom": "g",
            "measureDescription": "100g"
          }
        }
      ],
      "categoryTrees": [
        {
          "level0": "Pets",
          "level1": "Pet Supplies",
          "level2": "Cat Food"
        }
      ],
      "cateredFlag": false
    },
    {
      "productId": "5282576-EA-000",
      "brand": "Whiskas",
      "name": "So Meaty Shredded Chicken Dishes In Gravy Wet Cat Food Pouches",
      "displayName": "15 x 85g",
      "availability": [
        "IN_STORE",
        "ONLINE"
      ],
      "saleType": "UNITS",
      "restrictedFlag": false,
      "liquorFlag": false,
      "tobaccoFlag": false,
      "originRegulated": false,
      "singlePrice": {
        "price": 1549,
        "comparativePrice": {
          "pricePerUnit": 121,
          "unitQuantity": 100,
          "unitQuantityUom": "g",
          "measureDescription": "100g"
        }
      },
      "categoryTrees": [
        {
          "level0": "Pets",
          "level1": "Pet Supplies",
          "level2": "Cat Food"
        }
      ],
      "cateredFlag": false
    }
  ],
  "algoliaSearchResult": {
    "facets": {
      "brand": {
        "VitaPet": 48,
        "Whiskas": 37,
        "Dine": 30,
        "Purina Fancy Feast": 26,
        "Chef": 23,
        "Fussy Cat": 19,
        "Temptations": 16,
        "Pedigree": 15,
        "Purina ONE": 15,
        "Jimbo's": 14,
        "Pams": 13,
        "My Dog": 12,
        "Purina Oscar": 12,
        "Value": 11,
        "Purina TUX": 10,
        "Schmackos": 10,
        "Purina Friskies": 9,
        "Farmers Market": 7,
        "IAMS": 6,
        "Perfect": 6,
        "Butch": 5,
        "Natures Goodness": 5,
        "Superior": 5,
        "Love'em": 4,
        "Nature's Gift": 4,
        "Animals Like Us": 3,
        "Optimum": 3,
        "Purina": 3,
        "V.I.P Petfoods": 3,
        "Vamoose": 3,
        "Love Em": 2,
        "Possyum": 2,
        "Purina Cat Chow": 2,
        "Wag": 2,
        "Champ": 1,
        "Ecopack": 1,
        "Fackelmann": 1,
        "Hound Log": 1,
        "Purina Kitten Chow": 1,
        "Ranchmans": 1,
        "Tasti": 1
      },
      "category1NI": {
        "Pet Supplies": 392,
        "Pams": 2
      },
      "onPromotion": {
        "90082979-fb9f-4305-9c72-83274fc438cc": 157,
        "61dd754e-8525-4b9e-9e08-173389eea8a8": 146,
        "b29a98bd-749c-489c-9eef-6aa38e66a29b": 145,
        "be4c4780-218e-425a-a90f-63e21773572b": 144,
        "c180a72d-5dbe-4403-b7c7-91655e505492": 143,
        "c3f9e1a3-fc34-452d-af2e-95349e666ba4": 143,
        "3c5e3145-0767-4066-9349-6c0a1313acc5": 142,
        "5cf0392f-c187-4fc4-a463-eb269d2e8f45": 142,
        "2ed73be8-936d-4f35-9398-75a707f40a7b": 139,
        "21ecaaed-0749-4492-985e-4bb7ba43d59c": 138,
        "dbca5e00-f7f9-43ae-91de-031ad16f8a92": 135,
        "4a279605-eaa8-470d-bcd4-0a9e3c9ab43b": 132,
        "3404c253-577f-45ca-b301-c98312e46efb": 131,
        "715f0e22-95e0-45ce-af3a-07057209976e": 131,
        "8cd700ae-d96f-4761-bd7a-805d6b93536d": 130,
        "d8032da3-c1b9-456e-b626-41ce21f8c67b": 129,
        "3bb30799-82ce-4648-8c02-5113228963ed": 126,
        "c2204dae-579e-4b6b-9d42-2e13ceaa6031": 122,
        "64eab5b1-8d79-45f4-94f1-02b8cf8b6202": 120,
        "53989945-1a28-481d-a61c-d6f75f760ada": 117,
        "15e6f441-5c1c-4d25-b4ec-1adf918c49c7": 115,
        "8f0d70be-5cb7-464b-99cb-8b0130671895": 115,
        "92086ded-a55d-4241-a364-7d7ea91531b4": 114,
        "6e6809dd-01bc-45c9-aab1-f01ccd8338b0": 111,
        "d6d39eea-889d-4e20-923c-55cab225cf7f": 109,
        "65defcf2-bc15-490e-a84f-1f13b769cd22": 107,
        "a7d09522-bee2-41e4-8fe0-0b82b7f342f5": 106,
        "b2e98a14-c8ca-401e-99ed-edf74570c6f6": 106,
        "1c388d5e-29ac-4956-b476-cb3431353d2e": 104,
        "e1925ea7-01bc-4358-ae7c-c6502da5ab12": 103,
        "01a114de-149c-4f5f-80a1-90cc63f69c6e": 99,
        "5f167936-79ae-4f6a-b9d2-74afe1bb096b": 97,
        "4fcc1c8e-cc5e-4675-ba25-5e56b579cf69": 95,
        "49037947-e450-49bf-ba1f-a94551c79a72": 92,
        "714431ab-6e39-4df6-ac77-cfc5c1e25bc8": 91,
        "6cda96e1-7d29-44a6-956b-3fcfdecc8184": 90,
        "48dd98cc-a757-4102-b15d-ea82b4b10571": 89,
        "b92cc33f-b5a8-4b57-9b82-412946800020": 89,
        "d1cd1fdd-8767-46a6-a8d3-c3e0632c2dc8": 87,
        "7d48a781-4f68-4c91-a908-8659e1b22f95": 84,
        "33d8d6fc-861a-45ff-9937-5ccdb55eaede": 82,
        "529d66cc-60e3-432e-b8d1-efc9f2ec4919": 81,
        "6c73764e-b8e6-4e55-ad37-f6a9d207da1f": 81,
        "60561e46-ece7-43a7-b142-9b14812586e4": 79,
        "3bfe040b-f0c9-45e0-949b-b9ad5a591d55": 71,
        "b83029b6-5dd5-449e-8056-26f3943a4e18": 66,
        "b39562a4-2b72-43fe-b9ba-eda1d651ad0b": 62,
        "076e8177-943b-41fc-a885-ba3d28297acf": 55,
        "3e82142c-78dc-46f3-82ec-28e65fcf84c9": 51,
        "98ec3885-ac93-4fcb-807b-59c9055c52c4": 51,
        "af385423-d0f1-41f0-9482-ffd10b745143": 45,
        "c0f80e87-16be-4488-9553-da437e8c6c2a": 45,
        "50b1216b-d066-4457-b88b-9bccf97bf6d3": 44,
        "94ef1985-cab1-4b39-a2f3-230120f03c16": 44,
        "9cd8eb60-3222-4efc-bd7c-50e03e6a81a4": 36
      },
      "productFacets": {
        "Non-GMO": 66,
        "Low Sugar": 13,
        "Gluten Free": 10,
        "Dairy Free": 9,
        "Low Salt": 4,
        "Cage Free": 3,
        "Low Fat": 3,
        "Free Range": 2
      }
    }
  },
  "totalHits": 392,
  "page": 1,
  "totalPages": 8,
  "hitsPerPage": 50
}
