{
  "tobaccoProducts": false,
  "products": [
    {
      "productId": "5259032-EA-000",
      "brand": "IAMS",
      "name": "Proactive Health Healthy Adult With Salmon Dry Cat Food",
      "displayName": "1.59kg",
      "availability": [
        "IN_STORE",
        "ONLINE"
      ],
      "saleType": "UNITS",
      "restrictedFlag": false,
      "liquorFlag": false,
      "tobaccoFlag": false,
      "originRegulated": false,
      "singlePrice": {
        "price": 2399,
        "promoId": "128891398",
        "comparativePrice": {
          "pricePerUnit": 151,
          "unitQuantity": 100,
          "unitQuantityUom": "g",
          "measureDescription": "100g"
        }
      },
      "promotions": [
        {
          "promoId": "128891398",
          "rewardValue": 2399,
          "decal": "7000",
          "sapType": "BASE",
          "rewardType": "NEW_PRICE",
          "threshold": 1,
          "limit": 0,
          "multiProducts": false,
          "cardDependencyFlag": false,
          "bestPromotion": true,
          "comparativePrice": {
            "pricePerUnit": 151,
            "unitQuantity": 100,
            "unitQuantityUom": "g",
            "measureDescription": "100g"
          }
        }
      ],
      "categoryTrees": [
        {
          "level0": "Pets",
          "level1": "Pet Supplies",
          "level2": "Cat Food"
        }
      ],
      "cateredFlag": false
    },
    {
      "productId": "5016219-EA-000",
      "brand": "Dine",
      "name": "Classic Collection Cuts In Gravy with Beef & Liver Wet Cat Food",
      "displayName": "7 x 85g",
      "availability": [
        "IN_STORE",
        "ONLINE"
      ],
      "saleType": "UNITS",
      "restrictedFlag": false,
      "liquorFlag": false,
      "tobaccoFlag": false,
      "originRegulated": false,
      "singlePrice": {
        "price": 1099,
        "promoId": "128891400",
        "comparativePrice": {
          "pricePerUnit": 185,
          "unitQuantity": 100,
          "unitQuantityUom": "g",
          "measureDescription": "100g"
        }
      },
      "promotions": [
        {
          "promoId": "128891400",
          "rewardValue": 1099,
          "decal": "7000",
          "sapType": "BASE",
          "rewardType": "NEW_PRICE",
          "threshold": 1,
          "limit": 0,
          "multiProducts": false,
          "cardDependencyFlag": false,
          "bestPromotion": true,
          "comparativePrice": {
            "pricePerUnit": 185,
            "unitQuantity": 100,
            "unitQuantityUom": "g",
            "measureDescription": "100g"
          }
        }
      ],
      "categoryTrees": [
        {
          "level0": "Pets",
          "level1": "Pet Supplies",
          "level2": "Cat Food"
        }
      ],
      "cateredFlag": false
    },
    {
      "productId": "5036072-EA-000",
      "brand": "Purina ONE",
      "name": "True Instincts Real Turkey & Venison Dry Dog Food",
      "displayName": "3.36kg",
      "availability": [
        "IN_STORE",
        "ONLINE"
      ],
      "saleType": "UNITS",
      "restrictedFlag": false,
      "liquorFlag": false,
      "tobaccoFlag": false,
      "originRegulated": false,
      "singlePrice": {
        "price": 4549,
        "comparativePrice": {
          "pricePerUnit": 135,
          "unitQuantity": 100,
          "unitQuantityUom": "g",
          "measureDescription": "100g"
        }
      },
      "categoryTrees": [
        {
          "level0": "Pets",
          "level1": "Pet Supplies",
          "level2": "Dog Food"
        }
      ],
      "cateredFlag": false
    },
    {
      "productId": "5040291-EA-000",
      "brand": "Purina ONE",
      "name": "Lamb & Rice Formula Dry Dog Food",
      "displayName": "3.63kg",
      "availability": [
        "IN_STORE",
        "ONLINE"
      ],
      "saleType": "UNITS",
      "restrictedFlag": false,
      "liquorFlag": false,
      "tobaccoFlag": false,
      "originRegulated": false,
      "singlePrice": {
        "price": 4549,
        "comparativePrice": {
          "pricePerUnit": 125,
          "unitQuantity": 100,
          "unitQuantityUom": "g",
          "measureDescription": "100g"
        }
      },
      "categoryTrees": [
        {
          "level0": "Pets",
          "level1": "Pet Supplies",
          "level2": "Dog Food"
        }
      ],
      "cateredFlag": false
    },
    {
      "productId": "5234258-EA-000",
      "brand": "Dine",
      "name": "Classic Collection Slices With Succulent Chicken Wet Cat Food",
      "displayName": "7 x 85g",
      "availability": [
        "IN_STORE",
        "ONLINE"
      ],
      "saleType": "UNITS",
      "restrictedFlag": false,
      "liquorFlag": false,
      "tobaccoFlag": false,
      "originRegulated": false,
      "singlePrice": {
        "price": 1099,
        "promoId": "128891400",
        "comparativePrice": {
          "pricePerUnit": 185,
          "unitQuantity": 100,
          "unitQuantityUom": "g",
          "measureDescription": "100g"
        }
      },
      "promotions": [
        {
          "promoId": "128891400",
          "rewardValue": 1099,
          "decal": "7000",
          "sapType": "BASE",
          "rewardType": "NEW_PRICE",
          "threshold": 1,
          "limit": 0,
          "multiProducts": false,
          "cardDependencyFlag": false,
          "bestPromotion": true,
          "comparativePrice": {
            "pricePerUnit": 185,
            "unitQuantity": 100,
            "unitQuantityUom": "g",
            "measureDescription": "100g"
          }
        }
      ],
      "categoryTrees": [
        {
          "level0": "Pets",
          "level1": "Pet Supplies",
          "level2": "Cat Food"
        }
      ],
      "cateredFlag": false
    },
    {
      "productId": "5220020-EA-000",
      "brand": "Value",
      "name": "Poultry Laying Mash",
      "displayName": "10kg",
      "availability": [
        "IN_STORE",
        "ONLINE"
      ],
      "saleType": "UNITS",
      "restrictedFlag": false,
      "liquorFlag": false,
      "tobaccoFlag": false,
      "originRegulated": false,
      "singlePrice": {
        "price": 1749,
        "comparativePrice": {
          "pricePerUnit": 17,
          "unitQuantity": 100,
          "unitQuantityUom": "g",
          "measureDescription": "100g"
        }
      },
      "facets": [
        {
          "itemCode": "00020012",
          "itemDescription": "Non-GMO"
        }
      ],
      "categoryTrees": [
        {
          "level0": "Pets",
          "level1": "Pet Supplies",
          "level2": "Bird Supplies"
        }
      ],
      "cateredFlag": false
    },
    {
      "productId": "5234259-EA-000",
      "brand": "Dine",
      "name": "Classic Collection Saucy Morsels With Tuna Mornay & Cheese Wet Cat Food",
      "displayName": "7 x 85g",
      "availability": [
        "IN_STORE",
        "ONLINE"
      ],
      "saleType": "UNITS",
      "restrictedFlag": false,
      "liquorFlag": false,
      "tobaccoFlag": false,
      "originRegulated": false,
      "singlePrice": {
        "price": 1099,
        "promoId": "128891400",
        "comparativePrice": {
          "pricePerUnit": 185,
          "unitQuantity": 100,
          "unitQuantityUom": "g",
          "measureDescription": "100g"
        }
      },
      "promotions": [
        {
          "promoId": "128891400",
          "rewardValue": 1099,
          "decal": "7000",
          "sapType": "BASE",
          "rewardType": "NEW_PRICE",
          "threshold": 1,
          "limit": 0,
          "multiProducts": false,
          "cardDependencyFlag": false,
          "bestPromotion": true,
          "comparativePrice": {
            "pricePerUnit": 185,
            "unitQuantity": 100,
            "unitQuantityUom": "g",
            "measureDescription": "100g"
          }
        }
      ],
      "categoryTrees": [
        {
          "level0": "Pets",
          "level1": "Pet Supplies",
          "level2": "Cat Food"
        }
      ],
      "cateredFlag": false
    },
    {
      "productId": "5276207-EA-000",
      "brand": "VitaPet",
      "name": "Pocket Trainers Chicken Sweet Potato & Blueberries Dog Treats",
      "displayName": "70g",
      "availability": [
        "IN_STORE",
        "ONLINE"
      ],
      "saleType": "UNITS",
      "restrictedFlag": false,
      "liquorFlag": false,
      "tobaccoFlag": false,
      "originRegulated": false,
      "singlePrice": {
        "price": 449,
        "promoId": "128943225",
        "comparativePrice": {
          "pricePerUnit": 641,
          "unitQuantity": 100,
          "unitQuantityUom": "g",
          "measureDescription": "100g"
        }
      },
      "promotions": [
        {
          "promoId": "128943225",
          "rewardValue": 449,
          "decal": "6000",
          "sapType": "BASE",
          "rewardType": "NEW_PRICE",
          "threshold": 1,
          "limit": 0,
          "multiProducts": false,
          "cardDependencyFlag": false,
          "bestPromotion": true,
          "comparativePrice": {
            "pricePerUnit": 641,
            "unitQuantity": 100,
            "unitQuantityUom": "g",
            "measureDescription": "100g"
          }
        }
      ],
      "categoryTrees": [
        {
          "level0": "Pets",
          "level1": "Pet Supplies",
          "level2": "Dog Treats"
        }
      ],
      "cateredFlag": false
    },
    {
      "productId": "5027507-EA-000",
      "brand": "Dine",
      "name": "Classic Collection Saucy Morsels with Salmon Wet Cat Food",
      "displayName": "7 x 85g",
      "availability": [
        "IN_STORE",
        "ONLINE"
      ],
      "saleType": "UNITS",
      "restrictedFlag": false,
      "liquorFlag": false,
      "tobaccoFlag": false,
      "originRegulated": false,
      "singlePrice": {
        "price": 1099,
        "promoId": "128891400",
        "comparativePrice": {
          "pricePerUnit": 185,
          "unitQuantity": 100,
          "unitQuantityUom": "g",
          "measureDescription": "100g"
        }
      },
      "promotions": [
        {
          "promoId": "128891400",
          "rewardValue": 1099,
          "decal": "7000",
          "sapType": "BASE",
          "rewardType": "NEW_PRICE",
          "threshold": 1,
          "limit": 0,
          "multiProducts": false,
          "cardDependencyFlag": false,
          "bestPromotion": true,
          "comparativePrice": {
            "pricePerUnit": 185,
            "unitQuantity": 100,
            "unitQuantityUom": "g",
            "measureDescription": "100g"
          }
        }
      ],
      "categoryTrees": [
        {
          "level0": "Pets",
          "level1": "Pet Supplies",
          "level2": "Cat Food"
        }
      ],
      "cateredFlag": false
    },
    {
      "productId": "5015681-EA-000",
      "brand": "VitaPet",
      "name": "Chewz Beef Medium Bone Dog Treats",
      "displayName": "1pk",
      "availability": [
        "IN_STORE",
        "ONLINE"
      ],
      "saleType": "UNITS",
      "restrictedFlag": false,
      "liquorFlag": false,
      "tobaccoFlag": false,
      "originRegulated": false,
      "singlePrice": {
        "price": 499,
        "promoId": "128943241",
        "comparativePrice": {
          "pricePerUnit": 454,
          "unitQuantity": 100,
          "unitQuantityUom": "g",
          "measureDescription": "100g"
        }
      },
      "promotions": [
        {
          "promoId": "128943241",
          "rewardValue": 499,
          "decal": "6000",
          "sapType": "BASE",
          "rewardType": "NEW_PRICE",
          "threshold": 1,
          "limit": 0,
          "multiProducts": false,
          "cardDependencyFlag": false,
          "bestPromotion": true,
          "comparativePrice": {
            "pricePerUnit": 454,
            "unitQuantity": 100,
            "unitQuantityUom": "g",
            "measureDescription": "100g"
          }
        }
      ],
      "facets": [
        {
          "itemCode": "00020012",
          "itemDescription": "Non-GMO"
        }
      ],
      "categoryTrees": [
        {
          "level0": "Pets",
          "level1": "Pet Supplies",
          "level2": "Dog Treats"
        }
      ],
      "cateredFlag": false
    },
    {
      "productId": "5256609-EA-000",
      "brand": "Superior",
      "name": "Chunky Dogs Liver Treats 100g",
      "displayName": "100g",
      "availability": [
        "IN_STORE",
        "ONLINE"
      ],
      "saleType": "UNITS",
      "restrictedFlag": false,
      "liquorFlag": false,
      "tobaccoFlag": false,
      "originRegulated": false,
      "singlePrice": {
        "price": 679,
        "comparativePrice": {
          "pricePerUnit": 679,
          "unitQuantity": 100,
          "unitQuantityUom": "g",
          "measureDescription": "100g"
        }
      },
      "categoryTrees": [
        {
          "level0": "Pets",
          "level1": "Pet Supplies",
          "level2": "Dog Treats"
        }
      ],
      "cateredFlag": false
    },
    {
      "productId": "5038823-EA-000",
      "brand": "Purina Cat Chow",
      "name": "Naturals Chicken & Salmon Dry Cat Food",
      "displayName": "1.42kg",
      "availability": [
        "IN_STORE",
        "ONLINE"
      ],
      "saleType": "UNITS",
      "restrictedFlag": false,
      "liquorFlag": false,
      "tobaccoFlag": false,
      "originRegulated": false,
      "singlePrice": {
        "price": 2249,
        "comparativePrice": {
          "pricePerUnit": 158,
          "unitQuantity": 100,
          "unitQuantityUom": "g",
          "measureDescription": "100g"
        }
      },
      "categoryTrees": [
        {
          "level0": "Pets",
          "level1": "Pet Supplies",
          "level2": "Cat Food"
        }
      ],
      "cateredFlag": false
    },
    {
      "productId": "5274455-EA-000",
      "brand": "Purina TUX",
      "name": "Tasty Bites Puppy NZ Chicken & Beef Kibble Dry Dog Food",
      "displayName": "2.5kg",
      "availability": [
        "IN_STORE",
        "ONLINE"
      ],
      "saleType": "UNITS",
      "restrictedFlag": false,
      "liquorFlag": false,
      "tobaccoFlag": false,
      "originRegulated": false,
      "singlePrice": {
        "price": 1499,
        "promoId": "129015534",
        "comparativePrice": {
          "pricePerUnit": 60,
          "unitQuantity": 100,
          "unitQuantityUom": "g",
          "measureDescription": "100g"
        }
      },
      "promotions": [
        {
          "promoId": "129015534",
          "rewardValue": 1499,
          "decal": "6000",
          "sapType": "BASE",
          "rewardType": "NEW_PRICE",
          "threshold": 1,
          "limit": 0,
          "multiProducts": false,
          "cardDependencyFlag": false,
          "bestPromotion": true,
          "comparativePrice": {
            "pricePerUnit": 60,
            "unitQuantity": 100,
            "unitQuantityUom": "g",
            "measureDescription": "100g"
          }
        }
      ],
      "categoryTrees": [
        {
          "level0": "Pets",
          "level1": "Pet Supplies",
          "level2": "Dog Food"
        }
      ],
      "cateredFlag": false
    },
    {
      "productId": "5026123-EA-000",
      "brand": "VitaPet",
      "name": "Millet Sprays",
      "displayName": "4pk",
      "availability": [
        "IN_STORE",
        "ONLINE"
      ],
      "saleType": "UNITS",
      "restrictedFlag": false,
      "liquorFlag": false,
      "tobaccoFlag": false,
      "originRegulated": false,
      "singlePrice": {
        "price": 319,
        "comparativePrice": {
          "pricePerUnit": 354,
          "unitQuantity": 100,
          "unitQuantityUom": "g",
          "measureDescription": "100g"
        }
      },
      "facets": [
        {
          "itemCode": "00020012",
          "itemDescription": "Non-GMO"
        }
      ],
      "categoryTrees": [
        {
          "level0": "Pets",
          "level1": "Pet Supplies",
          "level2": "Bird Supplies"
        }
      ],
      "cateredFlag": false
    },
    {
      "productId": "5277307-EA-000",
      "brand": "Schmackos",
      "name": "Liver Strapz",
      "displayName": "200g",
      "availability": [
        "IN_STORE",
        "ONLINE"
      ],
      "saleType": "UNITS",
      "restrictedFlag": false,
      "liquorFlag": false,
      "tobaccoFlag": false,
      "originRegulated": false,
      "singlePrice": {
        "price": 759,
        "promoId": "128950976",
        "comparativePrice": {
          "pricePerUnit": 380,
          "unitQuantity": 100,
          "unitQuantityUom": "g",
          "measureDescription": "100g"
        }
      },
      "promotions": [
        {
          "promoId": "128950976",
          "rewardValue": 759,
          "decal": "6000",
          "sapType": "BASE",
          "rewardType": "NEW_PRICE",
          "threshold": 1,
          "limit": 0,
          "multiProducts": false,
          "cardDependencyFlag": false,
          "bestPromotion": true,
          "comparativePrice": {
            "pricePerUnit": 380,
            "unitQuantity": 100,
            "unitQuantityUom": "g",
            "measureDescription": "100g"
          }
        }
      ],
      "categoryTrees": [
        {
          "level0": "Pets",
          "level1": "Pet Supplies",
          "level2": "Dog Treats"
        }
      ],
      "cateredFlag": false
    },
    {
      "productId": "5226738-EA-000",
      "brand": "My Dog",
      "name": "With Tender Chicken & Vegetable Adult Dry Dog Food",
      "displayName": "1.5kg",
      "availability": [
        "IN_STORE",
        "ONLINE"
      ],
      "saleType": "UNITS",
      "restrictedFlag": false,
      "liquorFlag": false,
      "tobaccoFlag": false,
      "originRegulated": false,
      "singlePrice": {
        "price": 1679,
        "promoId": "128891401",
        "comparativePrice": {
          "pricePerUnit": 112,
          "unitQuantity": 100,
          "unitQuantityUom": "g",
          "measureDescription": "100g"
        }
      },
      "promotions": [
        {
          "promoId": "128891401",
          "rewardValue": 1679,
          "decal": "7000",
          "sapType": "BASE",
          "rewardType": "NEW_PRICE",
          "threshold": 1,
          "limit": 0,
          "multiProducts": false,
          "cardDependencyFlag": false,
          "bestPromotion": true,
          "comparativePrice": {
            "pricePerUnit": 112,
            "unitQuantity": 100,
            "unitQuantityUom": "g",
            "measureDescription": "100g"
          }
        }
      ],
      "categoryTrees": [
        {
          "level0": "Pets",
          "level1": "Pet Supplies",
          "level2": "Dog Food"
        }
      ],
      "cateredFlag": false
    },
    {
      "productId": "5259043-EA-000",
      "brand": "IAMS",
      "name": "Proactive Health Hairball Care Chicken & Salmon Cat Food",
      "displayName": "1.59kg",
      "availability": [
        "IN_STORE",
        "ONLINE"
      ],
      "saleType": "UNITS",
      "restrictedFlag": false,
      "liquorFlag": false,
      "tobaccoFlag": false,
      "originRegulated": false,
      "singlePrice": {
        "price": 2399,
        "promoId": "128891398",
        "comparativePrice": {
          "pricePerUnit": 151,
          "unitQuantity": 100,
          "unitQuantityUom": "g",
          "measureDescription": "100g"
        }
      },
      "promotions": [
        {
          "promoId": "128891398",
          "rewardValue": 2399,
          "decal": "7000",
          "sapType": "BASE",
          "rewardType": "NEW_PRICE",
          "threshold": 1,
          "limit": 0,
          "multiProducts": false,
          "cardDependencyFlag": false,
          "bestPromotion": true,
          "comparativePrice": {
            "pricePerUnit": 151,
            "unitQuantity": 100,
            "unitQuantityUom": "g",
            "measureDescription": "100g"
          }
        }
      ],
      "categoryTrees": [
        {
          "level0": "Pets",
          "level1": "Pet Supplies",
          "level2": "Cat Food"
        }
      ],
      "cateredFlag": false
    },
    {
      "productId": "5012942-EA-000",
      "brand": "VitaPet",
      "name": "Budgie Bird Honey Bell",
      "displayName": "12g",
      "availability": [
        "IN_STORE",
        "ONLINE"
      ],
      "saleType": "UNITS",
      "restrictedFlag": false,
      "liquorFlag": false,
      "tobaccoFlag": false,
      "originRegulated": false,
      "singlePrice": {
        "price": 599,
        "promoId": "128943288",
        "comparativePrice": {
          "pricePerUnit": 499,
          "unitQuantity": 100,
          "unitQuantityUom": "g",
          "measureDescription": "100g"
        }
      },
      "promotions": [
        {
          "promoId": "128943288",
          "rewardValue": 599,
          "decal": "6000",
          "sapType": "BASE",
          "rewardType": "NEW_PRICE",
          "threshold": 1,
          "limit": 0,
          "multiProducts": false,
          "cardDependencyFlag": false,
          "bestPromotion": true,
          "comparativePrice": {
            "pricePerUnit": 499,
            "unitQuantity": 100,
            "unitQuantityUom": "g",
            "measureDescription": "100g"
          }
        }
      ],
      "facets": [
        {
          "itemCode": "00020012",
          "itemDescription": "Non-GMO"
        }
      ],
      "categoryTrees": [
        {
          "level0": "Pets",
          "level1": "Pet Supplies",
          "level2": "Bird Supplies"
        }
      ],
      "cateredFlag": false
    },
    {
      "productId": "5259375-EA-000",
      "brand": "IAMS",
      "name": "Proactive Health Healthy Senior Chicken Cat Food",
      "displayName": "1.59kg",
      "availability": [
        "IN_STORE",
        "ONLINE"
      ],
      "saleType": "UNITS",
      "restrictedFlag": false,
      "liquorFlag": false,
      "tobaccoFlag": false,
      "originRegulated": false,
      "singlePrice": {
        "price": 2399,
        "promoId": "128891398",
        "comparativePrice": {
          "pricePerUnit": 151,
          "unitQuantity": 100,
          "unitQuantityUom": "g",
          "measureDescription": "100g"
        }
      },
      "promotions": [
        {
          "promoId": "128891398",
          "rewardValue": 2399,
          "decal": "7000",
          "sapType": "BASE",
          "rewardType": "NEW_PRICE",
          "threshold": 1,
          "limit": 0,
          "multiProducts": false,
          "cardDependencyFlag": false,
          "bestPromotion": true,
          "comparativePrice": {
            "pricePerUnit": 151,
            "unitQuantity": 100,
            "unitQuantityUom": "g",
            "measureDescription": "100g"
          }
        }
      ],
      "categoryTrees": [
        {
          "level0": "Pets",
          "level1": "Pet Supplies",
          "level2": "Cat Food"
        }
      ],
      "cateredFlag": false
    },
    {
      "productId": "5013286-EA-000",
      "brand": "VitaPet",
      "name": "Flea Shampoo For Dogs",
      "displayName": "250ml",
      "availability": [
        "IN_STORE",
        "ONLINE"
      ],
      "saleType": "UNITS",
      "restrictedFlag": false,
      "liquorFlag": false,
      "tobaccoFlag": false,
      "originRegulated": false,
      "singlePrice": {
        "price": 999,
        "promoId": "128943234",
        "comparativePrice": {
          "pricePerUnit": 3996,
          "unitQuantity": 1,
          "unitQuantityUom": "L",
          "measureDescription": "1L"
        }
      },
      "promotions": [
        {
          "promoId": "128943234",
          "rewardValue": 999,
          "decal": "6000",
          "sapType": "BASE",
          "rewardType": "NEW_PRICE",
          "threshold": 1,
          "limit": 0,
          "multiProducts": false,
          "cardDependencyFlag": false,
          "bestPromotion": true,
          "comparativePrice": {
            "pricePerUnit": 3996,
            "unitQuantity": 1,
            "unitQuantityUom": "L",
            "measureDescription": "1L"
          }
        }
      ],
      "facets": [
        {
          "itemCode": "00020012",
          "itemDescription": "Non-GMO"
        }
      ],
      "categoryTrees": [
        {
          "level0": "Pets",
          "level1": "Pet Supplies",
          "level2": "Pet Treatments"
        }
      ],
      "cateredFlag": false
    },
    {
      "productId": "5023986-EA-000",
      "brand": "Temptations",
      "name": "Tantalizing Turkey Flavour Treats For Cats",
      "displayName": "180g",
      "availability": [
        "IN_STORE",
        "ONLINE"
      ],
      "saleType": "UNITS",
      "restrictedFlag": false,
      "liquorFlag": false,
      "tobaccoFlag": false,
      "originRegulated": false,
      "singlePrice": {
        "price": 799,
        "promoId": "128891419",
        "comparativePrice": {
          "pricePerUnit": 444,
          "unitQuantity": 100,
          "unitQuantityUom": "g",
          "measureDescription": "100g"
        }
      },
      "promotions": [
        {
          "promoId": "128891419",
          "rewardValue": 799,
          "decal": "7000",
          "sapType": "BASE",
          "rewardType": "NEW_PRICE",
          "threshold": 1,
          "limit": 0,
          "multiProducts": false,
          "cardDependencyFlag": false,
          "bestPromotion": true,
          "comparativePrice": {
            "pricePerUnit": 444,
            "unitQuantity": 100,
            "unitQuantityUom": "g",
            "measureDescription": "100g"
          }
        }
      ],
      "categoryTrees": [
        {
          "level0": "Pets",
          "level1": "Pet Supplies",
          "level2": "Cat Food"
        }
      ],
      "cateredFlag": false
    },
    {
      "productId": "5274453-EA-000",
      "brand": "Purina TUX",
      "name": "Tasty Bites Mature NZ Chicken & Beef Kibble Dry Dog Food",
      "displayName": "2.5kg",
      "availability": [
        "IN_STORE",
        "ONLINE"
      ],
      "saleType": "UNITS",
      "restrictedFlag": false,
      "liquorFlag": false,
      "tobaccoFlag": false,
      "originRegulated": false,
      "singlePrice": {
        "price": 1499,
        "promoId": "129015534",
        "comparativePrice": {
          "pricePerUnit": 60,
          "unitQuantity": 100,
          "unitQuantityUom": "g",
          "measureDescription": "100g"
        }
      },
      "promotions": [
        {
          "promoId": "129015534",
          "rewardValue": 1499,
          "decal": "6000",
          "sapType": "BASE",
          "rewardType": "NEW_PRICE",
          "threshold": 1,
          "limit": 0,
          "multiProducts": false,
          "cardDependencyFlag": false,
          "bestPromotion": true,
          "comparativePrice": {
            "pricePerUnit": 60,
            "unitQuantity": 100,
            "unitQuantityUom": "g",
            "measureDescription": "100g"
          }
        }
      ],
      "categoryTrees": [
        {
          "level0": "Pets",
          "level1": "Pet Supplies",
          "level2": "Dog Food"
        }
      ],
      "cateredFlag": false
    },
    {
      "productId": "5226612-EA-000",
      "brand": "My Dog",
      "name": "With Gourmet Beef & Roast Vegetable Adult Dry Dog Food",
      "displayName": "1.5kg",
      "availability": [
        "IN_STORE",
        "ONLINE"
      ],
      "saleType": "UNITS",
      "restrictedFlag": false,
      "liquorFlag": false,
      "tobaccoFlag": false,
      "originRegulated": false,
      "singlePrice": {
        "price": 1679,
        "promoId": "128891401",
        "comparativePrice": {
          "pricePerUnit": 112,
          "unitQuantity": 100,
          "unitQuantityUom": "g",
          "measureDescription": "100g"
        }
      },
      "promotions": [
        {
          "promoId": "128891401",
          "rewardValue": 1679,
          "decal": "7000",
          "sapType": "BASE",
          "rewardType": "NEW_PRICE",
          "threshold": 1,
          "limit": 0,
          "multiProducts": false,
          "cardDependencyFlag": false,
          "bestPromotion": true,
          "comparativePrice": {
            "pricePerUnit": 112,
            "unitQuantity": 100,
            "unitQuantityUom": "g",
            "measureDescription": "100g"
          }
        }
      ],
      "categoryTrees": [
        {
          "level0": "Pets",
          "level1": "Pet Supplies",
          "level2": "Dog Food"
        }
      ],
      "cateredFlag": false
    },
    {
      "productId": "5015221-EA-000",
      "brand": "VitaPet",
      "name": "Marine Master Goldfish Flake Plus Fish Food",
      "displayName": "36g",
      "availability": [
        "IN_STORE",
        "ONLINE"
      ],
      "saleType": "UNITS",
      "restrictedFlag": false,
      "liquorFlag": false,
      "tobaccoFlag": false,
      "originRegulated": false,
      "singlePrice": {
        "price": 789,
        "comparativePrice": {
          "pricePerUnit": 2192,
          "unitQuantity": 100,
          "unitQuantityUom": "g",
          "measureDescription": "100g"
        }
      },
      "facets": [
        {
          "itemCode": "00020012",
          "itemDescription": "Non-GMO"
        }
      ],
      "categoryTrees": [
        {
          "level0": "Pets",
          "level1": "Pet Supplies",
          "level2": "Fish & Aquatic Pet Supplies"
        }
      ],
      "cateredFlag": false
    },
    {
      "productId": "5276200-EA-000",
      "brand": "VitaPet",
      "name": "Pocket Rewards Chicken With Spinach & Carrots Dog Treats",
      "displayName": "70g",
      "availability": [
        "IN_STORE",
        "ONLINE"
      ],
      "saleType": "UNITS",
      "restrictedFlag": false,
      "liquorFlag": false,
      "tobaccoFlag": false,
      "originRegulated": false,
      "singlePrice": {
        "price": 399,
        "promoId": "128943223",
        "comparativePrice": {
          "pricePerUnit": 570,
          "unitQuantity": 100,
          "unitQuantityUom": "g",
          "measureDescription": "100g"
        }
      },
      "promotions": [
        {
          "promoId": "128943223",
          "rewardValue": 399,
          "decal": "6000",
          "sapType": "BASE",
          "rewardType": "NEW_PRICE",
          "threshold": 1,
          "limit": 0,
          "multiProducts": false,
          "cardDependencyFlag": false,
          "bestPromotion": true,
          "comparativePrice": {
            "pricePerUnit": 570,
            "unitQuantity": 100,
            "unitQuantityUom": "g",
            "measureDescription": "100g"
          }
        }
      ],
      "categoryTrees": [
        {
          "level0": "Pets",
          "level1": "Pet Supplies",
          "level2": "Dog Treats"
        }
      ],
      "cateredFlag": false
    },
    {
      "productId": "5276204-EA-000",
      "brand": "VitaPet",
      "name": "Joint Care Chicken & Veggies Dog Treats",
      "displayName": "100g",
      "availability": [
        "IN_STORE",
        "ONLINE"
      ],
      "saleType": "UNITS",
      "restrictedFlag": false,
      "liquorFlag": false,
      "tobaccoFlag": false,
      "originRegulated": false,
      "singlePrice": {
        "price": 699,
        "comparativePrice": {
          "pricePerUnit": 699,
          "unitQuantity": 100,
          "unitQuantityUom": "g",
          "measureDescription": "100g"
        }
      },
      "categoryTrees": [
        {
          "level0": "Pets",
          "level1": "Pet Supplies",
          "level2": "Dog Treats"
        }
      ],
      "cateredFlag": false
    },
    {
      "productId": "5025757-EA-000",
      "brand": "VitaPet",
      "name": "Purrfit Litter Tray Liners",
      "displayName": "15pk",
      "availability": [
        "IN_STORE",
        "ONLINE"
      ],
      "saleType": "UNITS",
      "restrictedFlag": false,
      "liquorFlag": false,
      "tobaccoFlag": false,
      "originRegulated": false,
      "singlePrice": {
        "price": 599,
        "comparativePrice": {
          "pricePerUnit": 40,
          "unitQuantity": 1,
          "unitQuantityUom": "ea",
          "measureDescription": "ea"
        }
      },
      "facets": [
        {
          "itemCode": "00020012",
          "itemDescription": "Non-GMO"
        }
      ],
      "categoryTrees": [
        {
          "level0": "Pets",
          "level1": "Pet Supplies",
          "level2": "Cat Accessories"
        }
      ],
      "cateredFlag": false
    },
    {
      "productId": "5026109-EA-000",
      "brand": "VitaPet",
      "name": "Purrfit Cat Litter Tray",
      "displayName": "1pk",
      "availability": [
        "IN_STORE",
        "ONLINE"
      ],
      "saleType": "UNITS",
      "restrictedFlag": false,
      "liquorFlag": false,
      "tobaccoFlag": false,
      "originRegulated": false,
      "singlePrice": {
        "price": 749,
        "promoId": "128943248"
      },
      "promotions": [
        {
          "promoId": "128943248",
          "rewardValue": 749,
          "decal": "6000",
          "sapType": "BASE",
          "rewardType": "NEW_PRICE",
          "threshold": 1,
          "limit": 0,
          "multiProducts": false,
          "cardDependencyFlag": false,
          "bestPromotion": true
        }
      ],
      "categoryTrees": [
        {
          "level0": "Pets",
          "level1": "Pet Supplies",
          "level2": "Cat Accessories"
        }
      ],
      "cateredFlag": false
    },
    {
      "productId": "5287883-EA-000",
      "brand": "Love'em",
      "name": "Beef Liver Pet Treat",
      "displayName": "250g",
      "availability": [
        "IN_STORE",
        "ONLINE"
      ],
      "saleType": "UNITS",
      "restrictedFlag": false,
      "liquorFlag": false,
      "tobaccoFlag": false,
      "originRegulated": false,
      "singlePrice": {
        "price": 699,
        "promoId": "128785548",
        "comparativePrice": {
          "pricePerUnit": 280,
          "unitQuantity": 100,
          "unitQuantityUom": "g",
          "measureDescription": "100g"
        }
      },
      "promotions": [
        {
          "promoId": "128785548",
          "rewardValue": 699,
          "decal": "6000",
          "sapType": "BASE",
          "rewardType": "NEW_PRICE",
          "threshold": 1,
          "limit": 0,
          "multiProducts": false,
          "cardDependencyFlag": false,
          "bestPromotion": true,
          "comparativePrice": {
            "pricePerUnit": 280,
            "unitQuantity": 100,
            "unitQuantityUom": "g",
            "measureDescription": "100g"
          }
        }
      ],
      "categoryTrees": [
        {
          "level0": "Pets",
          "level1": "Pet Supplies",
          "level2": "Dog Treats"
        }
      ],
      "cateredFlag": false
    },
    {
      "productId": "5026026-EA-000",
      "brand": "VitaPet",
      "name": "Cockatiel & Parrot Bird Seed Mix",
      "displayName": "500g",
      "availability": [
        "IN_STORE",
        "ONLINE"
      ],
      "saleType": "UNITS",
      "restrictedFlag": false,
      "liquorFlag": false,
      "tobaccoFlag": false,
      "originRegulated": false,
      "singlePrice": {
        "price": 299,
        "promoId": "128943274",
        "comparativePrice": {
          "pricePerUnit": 60,
          "unitQuantity": 100,
          "unitQuantityUom": "g",
          "measureDescription": "100g"
        }
      },
      "promotions": [
        {
          "promoId": "128943274",
          "rewardValue": 299,
          "decal": "6000",
          "sapType": "BASE",
          "rewardType": "NEW_PRICE",
          "threshold": 1,
          "limit": 0,
          "multiProducts": false,
          "cardDependencyFlag": false,
          "bestPromotion": true,
          "comparativePrice": {
            "pricePerUnit": 60,
            "unitQuantity": 100,
            "unitQuantityUom": "g",
            "measureDescription": "100g"
          }
        }
      ],
      "facets": [
        {
          "itemCode": "00020012",
          "itemDescription": "Non-GMO"
        }
      ],
      "categoryTrees": [
        {
          "level0": "Pets",
          "level1": "Pet Supplies",
          "level2": "Bird Supplies"
        }
      ],
      "cateredFlag": false
    },
    {
      "productId": "5022421-EA-000",
      "brand": "Purina Friskies",
      "name": "Party Mix Chicken Liver & Turkey Original Crunch Cat Treats",
      "displayName": "170g",
      "availability": [
        "IN_STORE",
        "ONLINE"
      ],
      "saleType": "UNITS",
      "restrictedFlag": false,
      "liquorFlag": false,
      "tobaccoFlag": false,
      "originRegulated": false,
      "singlePrice": {
        "price": 549,
        "promoId": "128954458",
        "comparativePrice": {
          "pricePerUnit": 323,
          "unitQuantity": 100,
          "unitQuantityUom": "g",
          "measureDescription": "100g"
        }
      },
      "promotions": [
        {
          "promoId": "128954458",
          "rewardValue": 549,
          "decal": "6000",
          "sapType": "BASE",
          "rewardType": "NEW_PRICE",
          "threshold": 1,
          "limit": 0,
          "multiProducts": false,
          "cardDependencyFlag": false,
          "bestPromotion": true,
          "comparativePrice": {
            "pricePerUnit": 323,
            "unitQuantity": 100,
            "unitQuantityUom": "g",
            "measureDescription": "100g"
          }
        }
      ],
      "categoryTrees": [
        {
          "level0": "Pets",
          "level1": "Pet Supplies",
          "level2": "Cat Treats"
        }
      ],
      "cateredFlag": false
    },
    {
      "productId": "5026029-EA-000",
      "brand": "VitaPet",
      "name": "Colour-Free Shampoo",
      "displayName": "250ml",
      "availability": [
        "IN_STORE",
        "ONLINE"
      ],
      "saleType": "UNITS",
      "restrictedFlag": false,
      "liquorFlag": false,
      "tobaccoFlag": false,
      "originRegulated": false,
      "singlePrice": {
        "price": 849,
        "comparativePrice": {
          "pricePerUnit": 3396,
          "unitQuantity": 1,
          "unitQuantityUom": "L",
          "measureDescription": "1L"
        }
      },
      "facets": [
        {
          "itemCode": "00020012",
          "itemDescription": "Non-GMO"
        }
      ],
      "categoryTrees": [
        {
          "level0": "Pets",
          "level1": "Pet Supplies",
          "level2": "Pet Treatments"
        }
      ],
      "cateredFlag": false
    },
    {
      "productId": "5015202-EA-000",
      "brand": "Schmackos",
      "name": "Strapz Beef Dog Treats",
      "displayName": "500g",
      "availability": [
        "IN_STORE",
        "ONLINE"
      ],
      "saleType": "UNITS",
      "restrictedFlag": false,
      "liquorFlag": false,
      "tobaccoFlag": false,
      "originRegulated": false,
      "singlePrice": {
        "price": 1699,
        "promoId": "128891427",
        "comparativePrice": {
          "pricePerUnit": 340,
          "unitQuantity": 100,
          "unitQuantityUom": "g",
          "measureDescription": "100g"
        }
      },
      "promotions": [
        {
          "promoId": "128891427",
          "rewardValue": 1699,
          "decal": "7000",
          "sapType": "BASE",
          "rewardType": "NEW_PRICE",
          "threshold": 1,
          "limit": 0,
          "multiProducts": false,
          "cardDependencyFlag": false,
          "bestPromotion": true,
          "comparativePrice": {
            "pricePerUnit": 340,
            "unitQuantity": 100,
            "unitQuantityUom": "g",
            "measureDescription": "100g"
          }
        }
      ],
      "facets": [
        {
          "itemCode": "00020009",
          "itemDescription": "Low Fat"
        }
      ],
      "categoryTrees": [
        {
          "level0": "Pets",
          "level1": "Pet Supplies",
          "level2": "Dog Treats"
        }
      ],
      "cateredFlag": false
    },
    {
      "productId": "5025986-EA-000",
      "brand": "VitaPet",
      "name": "Cat And Dog Shampoo+ For All Sizes",
      "displayName": "250ml",
      "availability": [
        "IN_STORE",
        "ONLINE"
      ],
      "saleType": "UNITS",
      "restrictedFlag": false,
      "liquorFlag": false,
      "tobaccoFlag": false,
      "originRegulated": false,
      "singlePrice": {
        "price": 799,
        "promoId": "128943227",
        "comparativePrice": {
          "pricePerUnit": 3196,
          "unitQuantity": 1,
          "unitQuantityUom": "L",
          "measureDescription": "1L"
        }
      },
      "promotions": [
        {
          "promoId": "128943227",
          "rewardValue": 799,
          "decal": "6000",
          "sapType": "BASE",
          "rewardType": "NEW_PRICE",
          "threshold": 1,
          "limit": 0,
          "multiProducts": false,
          "cardDependencyFlag": false,
          "bestPromotion": true,
          "comparativePrice": {
            "pricePerUnit": 3196,
            "unitQuantity": 1,
            "unitQuantityUom": "L",
            "measureDescription": "1L"
          }
        }
      ],
      "facets": [
        {
          "itemCode": "00020012",
          "itemDescription": "Non-GMO"
        }
      ],
      "categoryTrees": [
        {
          "level0": "Pets",
          "level1": "Pet Supplies",
          "level2": "Pet Treatments"
        }
      ],
      "cateredFlag": false
    },
    {
      "productId": "5228958-EA-000",
      "brand": "Value",
      "name": "Rabbit & Guinea Pig Food",
      "displayName": "2.5kg",
      "availability": [
        "IN_STORE",
        "ONLINE"
      ],
      "saleType": "UNITS",
      "restrictedFlag": false,
      "liquorFlag": false,
      "tobaccoFlag": false,
      "originRegulated": false,
      "singlePrice": {
        "price": 979,
        "comparativePrice": {
          "pricePerUnit": 39,
          "unitQuantity": 100,
          "unitQuantityUom": "g",
          "measureDescription": "100g"
        }
      },
      "facets": [
        {
          "itemCode": "00020012",
          "itemDescription": "Non-GMO"
        }
      ],
      "categoryTrees": [
        {
          "level0": "Pets",
          "level1": "Pet Supplies",
          "level2": "Small Animal Supplies"
        }
      ],
      "cateredFlag": false
    },
    {
      "productId": "5012567-EA-000",
      "brand": "VitaPet",
      "name": "Flea Powder For Dogs & Puppies",
      "displayName": "100g",
      "availability": [
        "IN_STORE",
        "ONLINE"
      ],
      "saleType": "UNITS",
      "restrictedFlag": false,
      "liquorFlag": false,
      "tobaccoFlag": false,
      "originRegulated": false,
      "singlePrice": {
        "price": 899,
        "promoId": "128943231",
        "comparativePrice": {
          "pricePerUnit": 8990,
          "unitQuantity": 1,
          "unitQuantityUom": "kg",
          "measureDescription": "1kg"
        }
      },
      "promotions": [
        {
          "promoId": "128943231",
          "rewardValue": 899,
          "decal": "6000",
          "sapType": "BASE",
          "rewardType": "NEW_PRICE",
          "threshold": 1,
          "limit": 0,
          "multiProducts": false,
          "cardDependencyFlag": false,
          "bestPromotion": true,
          "comparativePrice": {
            "pricePerUnit": 8990,
            "unitQuantity": 1,
            "unitQuantityUom": "kg",
            "measureDescription": "1kg"
          }
        }
      ],
      "facets": [
        {
          "itemCode": "00020012",
          "itemDescription": "Non-GMO"
        }
      ],
      "categoryTrees": [
        {
          "level0": "Pets",
          "level1": "Pet Supplies",
          "level2": "Pet Treatments"
        }
      ],
      "cateredFlag": false
    },
    {
      "productId": "5273565-EA-000",
      "brand": "Animals Like Us",
      "name": "RawMix33 Dog Food with New Zealand Cage-Free Chicken",
      "displayName": "1kg",
      "availability": [
        "IN_STORE",
        "ONLINE"
      ],
      "saleType": "UNITS",
      "restrictedFlag": false,
      "liquorFlag": false,
      "tobaccoFlag": false,
      "originRegulated": false,
      "singlePrice": {
        "price": 2299,
        "promoId": "128943784",
        "comparativePrice": {
          "pricePerUnit": 230,
          "unitQuantity": 100,
          "unitQuantityUom": "g",
          "measureDescription": "100g"
        }
      },
      "promotions": [
        {
          "promoId": "128943784",
          "rewardValue": 2299,
          "decal": "6000",
          "sapType": "BASE",
          "rewardType": "NEW_PRICE",
          "threshold": 1,
          "limit": 0,
          "multiProducts": false,
          "cardDependencyFlag": false,
          "bestPromotion": true,
          "comparativePrice": {
            "pricePerUnit": 230,
            "unitQuantity": 100,
            "unitQuantityUom": "g",
            "measureDescription": "100g"
          }
        }
      ],
      "facets": [
        {
          "itemCode": "00020012",
          "itemDescription": "Non-GMO"
        },
        {
          "itemCode": "00020006",
          "itemDescription": "Cage Free"
        }
      ],
      "categoryTrees": [
        {
          "level0": "Pets",
          "level1": "Pet Supplies",
          "level2": "Dog Food"
        }
      ],
      "cateredFlag": false
    },
    {
      "productId": "5273572-EA-000",
      "brand": "Animals Like Us",
      "name": "RawMix33 Dog Food with New Zealand Grass-Fed Lamb",
      "displayName": "1kg",
      "availability": [
        "IN_STORE",
        "ONLINE"
      ],
      "saleType": "UNITS",
      "restrictedFlag": false,
      "liquorFlag": false,
      "tobaccoFlag": false,
      "originRegulated": false,
      "singlePrice": {
        "price": 2299,
        "promoId": "128943784",
        "comparativePrice": {
          "pricePerUnit": 230,
          "unitQuantity": 100,
          "unitQuantityUom": "g",
          "measureDescription": "100g"
        }
      },
      "promotions": [
        {
          "promoId": "128943784",
          "rewardValue": 2299,
          "decal": "6000",
          "sapType": "BASE",
          "rewardType": "NEW_PRICE",
          "threshold": 1,
          "limit": 0,
          "multiProducts": false,
          "cardDependencyFlag": false,
          "bestPromotion": true,
          "comparativePrice": {
            "pricePerUnit": 230,
            "unitQuantity": 100,
            "unitQuantityUom": "g",
            "measureDescription": "100g"
          }
        }
      ],
      "facets": [
        {
          "itemCode": "00020003",
          "itemDescription": "Free Range"
        }
      ],
      "categoryTrees": [
        {
          "level0": "Pets",
          "level1": "Pet Supplies",
          "level2": "Dog Food"
        }
      ],
      "cateredFlag": false
    },
    {
      "productId": "5200045-EA-000",
      "brand": "Pedigree",
      "name": "Dentastix Small Dog Daily Dental Care Dog Treats",
      "displayName": "28pk",
      "availability": [
        "IN_STORE",
        "ONLINE"
      ],
      "saleType": "UNITS",
      "restrictedFlag": false,
      "liquorFlag": false,
      "tobaccoFlag": false,
      "originRegulated": false,
      "singlePrice": {
        "price": 1899,
        "promoId": "128928687",
        "comparativePrice": {
          "pricePerUnit": 68,
          "unitQuantity": 1,
          "unitQuantityUom": "ea",
          "measureDescription": "ea"
        }
      },
      "promotions": [
        {
          "promoId": "128928687",
          "rewardValue": 1899,
          "decal": "6000",
          "sapType": "BASE",
          "rewardType": "NEW_PRICE",
          "threshold": 1,
          "limit": 0,
          "multiProducts": false,
          "cardDependencyFlag": false,
          "bestPromotion": true,
          "comparativePrice": {
            "pricePerUnit": 68,
            "unitQuantity": 1,
            "unitQuantityUom": "ea",
            "measureDescription": "ea"
          }
        }
      ],
      "categoryTrees": [
        {
          "level0": "Pets",
          "level1": "Pet Supplies",
          "level2": "Dog Treats"
        }
      ],
      "cateredFlag": false
    },
    {
      "productId": "5020278-EA-000",
      "brand": "Purina Kitten Chow",
      "name": "Nurture Kitten Dry Cat Food",
      "displayName": "1.42kg",
      "availability": [
        "IN_STORE",
        "ONLINE"
      ],
      "saleType": "UNITS",
      "restrictedFlag": false,
      "liquorFlag": false,
      "tobaccoFlag": false,
      "originRegulated": false,
      "singlePrice": {
        "price": 2249,
        "comparativePrice": {
          "pricePerUnit": 158,
          "unitQuantity": 100,
          "unitQuantityUom": "g",
          "measureDescription": "100g"
        }
      },
      "categoryTrees": [
        {
          "level0": "Pets",
          "level1": "Pet Supplies",
          "level2": "Cat Food"
        }
      ],
      "cateredFlag": false
    },
    {
      "productId": "5273564-EA-000",
      "brand": "Animals Like Us",
      "name": "RawMix33 Dog Food with New Zealand Grass-Fed Beef",
      "displayName": "1kg",
      "availability": [
        "IN_STORE",
        "ONLINE"
      ],
      "saleType": "UNITS",
      "restrictedFlag": false,
      "liquorFlag": false,
      "tobaccoFlag": false,
      "originRegulated": false,
      "singlePrice": {
        "price": 2299,
        "promoId": "128943784",
        "comparativePrice": {
          "pricePerUnit": 230,
          "unitQuantity": 100,
          "unitQuantityUom": "g",
          "measureDescription": "100g"
        }
      },
      "promotions": [
        {
          "promoId": "128943784",
          "rewardValue": 2299,
          "decal": "6000",
          "sapType": "BASE",
          "rewardType": "NEW_PRICE",
          "threshold": 1,
          "limit": 0,
          "multiProducts": false,
          "cardDependencyFlag": false,
          "bestPromotion": true,
          "comparativePrice": {
            "pricePerUnit": 230,
            "unitQuantity": 100,
            "unitQuantityUom": "g",
            "measureDescription": "100g"
          }
        }
      ],
      "facets": [
        {
          "itemCode": "00020003",
          "itemDescription": "Free Range"
        }
      ],
      "categoryTrees": [
        {
          "level0": "Pets",
          "level1": "Pet Supplies",
          "level2": "Dog Food"
        }
      ],
      "cateredFlag": false
    },
    {
      "productId": "5019790-EA-000",
      "brand": "VitaPet",
      "name": "Chewz Beef Large Bone Dog Treats",
      "displayName": "1pk",
      "availability": [
        "IN_STORE",
        "ONLINE"
      ],
      "saleType": "UNITS",
      "restrictedFlag": false,
      "liquorFlag": false,
      "tobaccoFlag": false,
      "originRegulated": false,
      "singlePrice": {
        "price": 959
      },
      "categoryTrees": [
        {
          "level0": "Pets",
          "level1": "Pet Supplies",
          "level2": "Dog Treats"
        }
      ],
      "cateredFlag": false
    },
    {
      "productId": "5011350-EA-000",
      "brand": "Optimum",
      "name": "Adult Chicken Vegetables & Rice Dry Dog Food",
      "displayName": "3kg",
      "availability": [
        "IN_STORE",
        "ONLINE"
      ],
      "saleType": "UNITS",
      "restrictedFlag": false,
      "liquorFlag": false,
      "tobaccoFlag": false,
      "originRegulated": false,
      "singlePrice": {
        "price": 1999,
        "promoId": "128921623",
        "comparativePrice": {
          "pricePerUnit": 67,
          "unitQuantity": 100,
          "unitQuantityUom": "g",
          "measureDescription": "100g"
        }
      },
      "promotions": [
        {
          "promoId": "128921623",
          "rewardValue": 1999,
          "decal": "6000",
          "sapType": "BASE",
          "rewardType": "NEW_PRICE",
          "threshold": 1,
          "limit": 0,
          "multiProducts": false,
          "cardDependencyFlag": false,
          "bestPromotion": true,
          "comparativePrice": {
            "pricePerUnit": 67,
            "unitQuantity": 100,
            "unitQuantityUom": "g",
            "measureDescription": "100g"
          }
        }
      ],
      "categoryTrees": [
        {
          "level0": "Pets",
          "level1": "Pet Supplies",
          "level2": "Dog Food"
        }
      ],
      "cateredFlag": false
    },
    {
      "productId": "5212226-EA-000",
      "brand": "Fackelmann",
      "name": "Pet Hygiene Capsule Bag Refill",
      "displayName": "60pk",
      "availability": [
        "IN_STORE",
        "ONLINE"
      ],
      "saleType": "UNITS",
      "restrictedFlag": false,
      "liquorFlag": false,
      "tobaccoFlag": false,
      "originRegulated": false,
      "singlePrice": {
        "price": 499,
        "comparativePrice": {
          "pricePerUnit": 832,
          "unitQuantity": 100,
          "unitQuantityUom": " ",
          "measureDescription": "100"
        }
      },
      "categoryTrees": [
        {
          "level0": "Pets",
          "level1": "Pet Supplies",
          "level2": "Pet Accessories"
        }
      ],
      "cateredFlag": false
    },
    {
      "productId": "5259037-EA-000",
      "brand": "IAMS",
      "name": "Proactive Health Minichunks Adult Chicken Dry Dog Food",
      "displayName": "3.18kg",
      "availability": [
        "IN_STORE",
        "ONLINE"
      ],
      "saleType": "UNITS",
      "restrictedFlag": false,
      "liquorFlag": false,
      "tobaccoFlag": false,
      "originRegulated": false,
      "singlePrice": {
        "price": 3499,
        "promoId": "128891394",
        "comparativePrice": {
          "pricePerUnit": 110,
          "unitQuantity": 100,
          "unitQuantityUom": "g",
          "measureDescription": "100g"
        }
      },
      "promotions": [
        {
          "promoId": "128891394",
          "rewardValue": 3499,
          "decal": "7000",
          "sapType": "BASE",
          "rewardType": "NEW_PRICE",
          "threshold": 1,
          "limit": 0,
          "multiProducts": false,
          "cardDependencyFlag": false,
          "bestPromotion": true,
          "comparativePrice": {
            "pricePerUnit": 110,
            "unitQuantity": 100,
            "unitQuantityUom": "g",
            "measureDescription": "100g"
          }
        }
      ],
      "categoryTrees": [
        {
          "level0": "Pets",
          "level1": "Pet Supplies",
          "level2": "Dog Food"
        }
      ],
      "cateredFlag": false
    },
    {
      "productId": "5011351-EA-000",
      "brand": "Optimum",
      "name": "Puppy Chicken Dry Dog Food",
      "displayName": "3kg",
      "availability": [
        "IN_STORE",
        "ONLINE"
      ],
      "saleType": "UNITS",
      "restrictedFlag": false,
      "liquorFlag": false,
      "tobaccoFlag": false,
      "originRegulated": false,
      "singlePrice": {
        "price": 1999,
        "promoId": "128921623",
        "comparativePrice": {
          "pricePerUnit": 67,
          "unitQuantity": 100,
          "unitQuantityUom": "g",
          "measureDescription": "100g"
        }
      },
      "promotions": [
        {
          "promoId": "128921623",
          "rewardValue": 1999,
          "decal": "6000",
          "sapType": "BASE",
          "rewardType": "NEW_PRICE",
          "threshold": 1,
          "limit": 0,
          "multiProducts": false,
          "cardDependencyFlag": false,
          "bestPromotion": true,
          "comparativePrice": {
            "pricePerUnit": 67,
            "unitQuantity": 100,
            "unitQuantityUom": "g",
            "measureDescription": "100g"
          }
        }
      ],
      "categoryTrees": [
        {
          "level0": "Pets",
          "level1": "Pet Supplies",
          "level2": "Dog Food"
        }
      ],
      "cateredFlag": false
    },
    {
      "productId": "5259040-EA-000",
      "brand": "IAMS",
      "name": "Proactive Health Senior Healthy Aging Adult Chicken Dry Dog Food",
      "displayName": "3.18kg",
      "availability": [
        "IN_STORE",
        "ONLINE"
      ],
      "saleType": "UNITS",
      "restrictedFlag": false,
      "liquorFlag": false,
      "tobaccoFlag": false,
      "originRegulated": false,
      "singlePrice": {
        "price": 3499,
        "promoId": "128891394",
        "comparativePrice": {
          "pricePerUnit": 110,
          "unitQuantity": 100,
          "unitQuantityUom": "g",
          "measureDescription": "100g"
        }
      },
      "promotions": [
        {
          "promoId": "128891394",
          "rewardValue": 3499,
          "decal": "7000",
          "sapType": "BASE",
          "rewardType": "NEW_PRICE",
          "threshold": 1,
          "limit": 0,
          "multiProducts": false,
          "cardDependencyFlag": false,
          "bestPromotion": true,
          "comparativePrice": {
            "pricePerUnit": 110,
            "unitQuantity": 100,
            "unitQuantityUom": "g",
            "measureDescription": "100g"
          }
        }
      ],
      "categoryTrees": [
        {
          "level0": "Pets",
          "level1": "Pet Supplies",
          "level2": "Dog Food"
        }
      ],
      "cateredFlag": false
    },
    {
      "productId": "5011352-EA-000",
      "brand": "Optimum",
      "name": "Small Breed Adult Chicken Vegetables & Rice Dry Dog Food",
      "displayName": "3kg",
      "availability": [
        "IN_STORE",
        "ONLINE"
      ],
      "saleType": "UNITS",
      "restrictedFlag": false,
      "liquorFlag": false,
      "tobaccoFlag": false,
      "originRegulated": false,
      "singlePrice": {
        "price": 1999,
        "promoId": "128921623",
        "comparativePrice": {
          "pricePerUnit": 67,
          "unitQuantity": 100,
          "unitQuantityUom": "g",
          "measureDescription": "100g"
        }
      },
      "promotions": [
        {
          "promoId": "128921623",
          "rewardValue": 1999,
          "decal": "6000",
          "sapType": "BASE",
          "rewardType": "NEW_PRICE",
          "threshold": 1,
          "limit": 0,
          "multiProducts": false,
          "cardDependencyFlag": false,
          "bestPromotion": true,
          "comparativePrice": {
            "pricePerUnit": 67,
            "unitQuantity": 100,
            "unitQuantityUom": "g",
            "measureDescription": "100g"
          }
        }
      ],
      "categoryTrees": [
        {
          "level0": "Pets",
          "level1": "Pet Supplies",
          "level2": "Dog Food"
        }
      ],
      "cateredFlag": false
    },
    {
      "productId": "5021702-EA-000",
      "brand": "VitaPet",
      "name": "City Chickens Laying Food Pellets",
      "displayName": "5kg",
      "availability": [
        "IN_STORE",
        "ONLINE"
      ],
      "saleType": "UNITS",
      "restrictedFlag": false,
      "liquorFlag": false,
      "tobaccoFlag": false,
      "originRegulated": false,
      "singlePrice": {
        "price": 1069,
        "comparativePrice": {
          "pricePerUnit": 21,
          "unitQuantity": 100,
          "unitQuantityUom": "g",
          "measureDescription": "100g"
        }
      },
      "categoryTrees": [
        {
          "level0": "Pets",
          "level1": "Pet Supplies",
          "level2": "Bird Supplies"
        }
      ],
      "cateredFlag": false
    },
    {
      "productId": "5267237-EA-000",
      "brand": "Value",
      "name": "Wild Birdseed Bell",
      "displayName": "1pk",
      "availability": [
        "IN_STORE",
        "ONLINE"
      ],
      "saleType": "UNITS",
      "restrictedFlag": false,
      "liquorFlag": false,
      "tobaccoFlag": false,
      "originRegulated": false,
      "singlePrice": {
        "price": 589
      },
      "categoryTrees": [
        {
          "level0": "Pets",
          "level1": "Pet Supplies",
          "level2": "Bird Supplies"
        }
      ],
      "cateredFlag": false
    }
  ],
  "algoliaSearchResult": {
    "facets": {
      "brand": {
        "VitaPet": 48,
        "Whiskas": 37,
        "Dine": 30,
        "Purina Fancy Feast": 26,
        "Chef": 23,
        "Fussy Cat": 19,
        "Temptations": 16,
        "Pedigree": 15,
        "Purina ONE": 15,
        "Jimbo's": 14,
        "Pams": 13,
        "My Dog": 12,
        "Purina Oscar": 12,
        "Value": 11,
        "Purina TUX": 10,
        "Schmackos": 10,
        "Purina Friskies": 9,
        "Farmers Market": 7,
        "IAMS": 6,
        "Perfect": 6,
        "Butch": 5,
        "Natures Goodness": 5,
        "Superior": 5,
        "Love'em": 4,
        "Nature's Gift": 4,
        "Animals Like Us": 3,
        "Optimum": 3,
        "Purina": 3,
        "V.I.P Petfoods": 3,
        "Vamoose": 3,
        "Love Em": 2,
        "Possyum": 2,
        "Purina Cat Chow": 2,
        "Wag": 2,
        "Champ": 1,
        "Ecopack": 1,
        "Fackelmann": 1,
        "Hound Log": 1,
        "Purina Kitten Chow": 1,
        "Ranchmans": 1,
        "Tasti": 1
      },
      "category1NI": {
        "Pet Supplies": 392,
        "Pams": 2
      },
      "onPromotion": {
        "90082979-fb9f-4305-9c72-83274fc438cc": 157,
        "61dd754e-8525-4b9e-9e08-173389eea8a8": 146,
        "b29a98bd-749c-489c-9eef-6aa38e66a29b": 145,
        "be4c4780-218e-425a-a90f-63e21773572b": 144,
        "c180a72d-5dbe-4403-b7c7-91655e505492": 143,
        "c3f9e1a3-fc34-452d-af2e-95349e666ba4": 143,
        "3c5e3145-0767-4066-9349-6c0a1313acc5": 142,
        "5cf0392f-c187-4fc4-a463-eb269d2e8f45": 142,
        "2ed73be8-936d-4f35-9398-75a707f40a7b": 139,
        "21ecaaed-0749-4492-985e-4bb7ba43d59c": 138,
        "dbca5e00-f7f9-43ae-91de-031ad16f8a92": 135,
        "4a279605-eaa8-470d-bcd4-0a9e3c9ab43b": 132,
        "3404c253-577f-45ca-b301-c98312e46efb": 131,
        "715f0e22-95e0-45ce-af3a-07057209976e": 131,
        "8cd700ae-d96f-4761-bd7a-805d6b93536d": 130,
        "d8032da3-c1b9-456e-b626-41ce21f8c67b": 129,
        "3bb30799-82ce-4648-8c02-5113228963ed": 126,
        "c2204dae-579e-4b6b-9d42-2e13ceaa6031": 122,
        "64eab5b1-8d79-45f4-94f1-02b8cf8b6202": 120,
        "53989945-1a28-481d-a61c-d6f75f760ada": 117,
        "15e6f441-5c1c-4d25-b4ec-1adf918c49c7": 115,
        "8f0d70be-5cb7-464b-99cb-8b0130671895": 115,
        "92086ded-a55d-4241-a364-7d7ea91531b4": 114,
        "6e6809dd-01bc-45c9-aab1-f01ccd8338b0": 111,
        "d6d39eea-889d-4e20-923c-55cab225cf7f": 109,
        "65defcf2-bc15-490e-a84f-1f13b769cd22": 107,
        "a7d09522-bee2-41e4-8fe0-0b82b7f342f5": 106,
        "b2e98a14-c8ca-401e-99ed-edf74570c6f6": 106,
        "1c388d5e-29ac-4956-b476-cb3431353d2e": 104,
        "e1925ea7-01bc-4358-ae7c-c6502da5ab12": 103,
        "01a114de-149c-4f5f-80a1-90cc63f69c6e": 99,
        "5f167936-79ae-4f6a-b9d2-74afe1bb096b": 97,
        "4fcc1c8e-cc5e-4675-ba25-5e56b579cf69": 95,
        "49037947-e450-49bf-ba1f-a94551c79a72": 92,
        "714431ab-6e39-4df6-ac77-cfc5c1e25bc8": 91,
        "6cda96e1-7d29-44a6-956b-3fcfdecc8184": 90,
        "48dd98cc-a757-4102-b15d-ea82b4b10571": 89,
        "b92cc33f-b5a8-4b57-9b82-412946800020": 89,
        "d1cd1fdd-8767-46a6-a8d3-c3e0632c2dc8": 87,
        "7d48a781-4f68-4c91-a908-8659e1b22f95": 84,
        "33d8d6fc-861a-45ff-9937-5ccdb55eaede": 82,
        "529d66cc-60e3-432e-b8d1-efc9f2ec4919": 81,
        "6c73764e-b8e6-4e55-ad37-f6a9d207da1f": 81,
        "60561e46-ece7-43a7-b142-9b14812586e4": 79,
        "3bfe040b-f0c9-45e0-949b-b9ad5a591d55": 71,
        "b83029b6-5dd5-449e-8056-26f3943a4e18": 66,
        "b39562a4-2b72-43fe-b9ba-eda1d651ad0b": 62,
        "076e8177-943b-41fc-a885-ba3d28297acf": 55,
        "3e82142c-78dc-46f3-82ec-28e65fcf84c9": 51,
        "98ec3885-ac93-4fcb-807b-59c9055c52c4": 51,
        "af385423-d0f1-41f0-9482-ffd10b745143": 45,
        "c0f80e87-16be-4488-9553-da437e8c6c2a": 45,
        "50b1216b-d066-4457-b88b-9bccf97bf6d3": 44,
        "94ef1985-cab1-4b39-a2f3-230120f03c16": 44,
        "9cd8eb60-3222-4efc-bd7c-50e03e6a81a4": 36
      },
      "productFacets": {
        "Non-GMO": 66,
        "Low Sugar": 13,
        "Gluten Free": 10,
        "Dairy Free": 9,
        "Low Salt": 4,
        "Cage Free": 3,
        "Low Fat": 3,
        "Free Range": 2
      }
    }
  },
  "totalHits": 392,
  "page": 4,
  "totalPages": 8,
  "hitsPerPage": 50
}
