{
  "tobaccoProducts": false,
  "products": [
    {
      "productId": "5033653-EA-000",
      "brand": "Purina TUX",
      "name": "Original Meaty Biscuit Adult Dry Dog Food",
      "displayName": "8kg",
      "availability": [
        "IN_STORE",
        "ONLINE"
      ],
      "saleType": "UNITS",
      "restrictedFlag": false,
      "liquorFlag": false,
      "tobaccoFlag": false,
      "originRegulated": false,
      "singlePrice": {
        "price": 3499,
        "promoId": "128954483",
        "comparativePrice": {
          "pricePerUnit": 44,
          "unitQuantity": 100,
          "unitQuantityUom": "g",
          "measureDescription": "100g"
        }
      },
      "promotions": [
        {
          "promoId": "128954483",
          "rewardValue": 3499,
          "decal": "6000",
          "sapType": "BASE",
          "rewardType": "NEW_PRICE",
          "threshold": 1,
          "limit": 0,
          "multiProducts": false,
          "cardDependencyFlag": false,
          "bestPromotion": true,
          "comparativePrice": {
            "pricePerUnit": 44,
            "unitQuantity": 100,
            "unitQuantityUom": "g",
            "measureDescription": "100g"
          }
        }
      ],
      "categoryTrees": [
        {
          "level0": "Pets",
          "level1": "Pet Supplies",
          "level2": "Dog Food"
        }
      ],
      "cateredFlag": false
    },
    {
      "productId": "5009683-EA-000",
      "brand": "Pedigree",
      "name": "Adult Vital With Real Beef",
      "displayName": "8kg",
      "availability": [
        "IN_STORE",
        "ONLINE"
      ],
      "saleType": "UNITS",
      "restrictedFlag": false,
      "liquorFlag": false,
      "tobaccoFlag": false,
      "originRegulated": false,
      "singlePrice": {
        "price": 4499,
        "promoId": "128891413",
        "comparativePrice": {
          "pricePerUnit": 56,
          "unitQuantity": 100,
          "unitQuantityUom": "g",
          "measureDescription": "100g"
        }
      },
      "promotions": [
        {
          "promoId": "128891413",
          "rewardValue": 4499,
          "decal": "7000",
          "sapType": "BASE",
          "rewardType": "NEW_PRICE",
          "threshold": 1,
          "limit": 0,
          "multiProducts": false,
          "cardDependencyFlag": false,
          "bestPromotion": true,
          "comparativePrice": {
            "pricePerUnit": 56,
            "unitQuantity": 100,
            "unitQuantityUom": "g",
            "measureDescription": "100g"
          }
        }
      ],
      "categoryTrees": [
        {
          "level0": "Pets",
          "level1": "Pet Supplies",
          "level2": "Dog Food"
        }
      ],
      "cateredFlag": false
    },
    {
      "productId": "5027506-EA-000",
      "brand": "Whiskas",
      "name": "Mixed Favourites in Gravy Adult Wet Cat Food Pouches",
      "displayName": "12 x 85g",
      "availability": [
        "IN_STORE",
        "ONLINE"
      ],
      "saleType": "UNITS",
      "restrictedFlag": false,
      "liquorFlag": false,
      "tobaccoFlag": false,
      "originRegulated": false,
      "singlePrice": {
        "price": 1169,
        "comparativePrice": {
          "pricePerUnit": 115,
          "unitQuantity": 100,
          "unitQuantityUom": "g",
          "measureDescription": "100g"
        }
      },
      "categoryTrees": [
        {
          "level0": "Pets",
          "level1": "Pet Supplies",
          "level2": "Cat Food"
        }
      ],
      "cateredFlag": false
    },
    {
      "productId": "5025170-EA-000",
      "brand": "Purina TUX",
      "name": "Small Biscuit Beef & Bacon Flavour Biscuit Adult Dry Dog Food",
      "displayName": "2.5kg",
      "availability": [
        "IN_STORE",
        "ONLINE"
      ],
      "saleType": "UNITS",
      "restrictedFlag": false,
      "liquorFlag": false,
      "tobaccoFlag": false,
      "originRegulated": false,
      "singlePrice": {
        "price": 1599,
        "comparativePrice": {
          "pricePerUnit": 64,
          "unitQuantity": 100,
          "unitQuantityUom": "g",
          "measureDescription": "100g"
        }
      },
      "categoryTrees": [
        {
          "level0": "Pets",
          "level1": "Pet Supplies",
          "level2": "Dog Food"
        }
      ],
      "cateredFlag": false
    },
    {
      "productId": "5016224-EA-000",
      "brand": "Dine",
      "name": "Desire Tuna Whitemeat & Snapper Wet Cat Food",
      "displayName": "85g",
      "availability": [
        "IN_STORE",
        "ONLINE"
      ],
      "saleType": "UNITS",
      "restrictedFlag": false,
      "liquorFlag": false,
      "tobaccoFlag": false,
      "originRegulated": false,
      "singlePrice": {
        "price": 209,
        "promoId": "128891399",
        "comparativePrice": {
          "pricePerUnit": 246,
          "unitQuantity": 100,
          "unitQuantityUom": "g",
          "measureDescription": "100g"
        }
      },
      "promotions": [
        {
          "promoId": "128891399",
          "rewardValue": 209,
          "decal": "7000",
          "sapType": "BASE",
          "rewardType": "NEW_PRICE",
          "threshold": 1,
          "limit": 0,
          "multiProducts": false,
          "cardDependencyFlag": false,
          "bestPromotion": true,
          "comparativePrice": {
            "pricePerUnit": 246,
            "unitQuantity": 100,
            "unitQuantityUom": "g",
            "measureDescription": "100g"
          }
        }
      ],
      "categoryTrees": [
        {
          "level0": "Pets",
          "level1": "Pet Supplies",
          "level2": "Cat Food"
        }
      ],
      "cateredFlag": false
    },
    {
      "productId": "5204771-EA-000",
      "brand": "Fussy Cat",
      "name": "Grainfree Chicken Turkey With Cranberry Gravy Premium Adult Cat Food",
      "displayName": "85g",
      "availability": [
        "IN_STORE",
        "ONLINE"
      ],
      "saleType": "UNITS",
      "restrictedFlag": false,
      "liquorFlag": false,
      "tobaccoFlag": false,
      "originRegulated": false,
      "singlePrice": {
        "price": 169,
        "comparativePrice": {
          "pricePerUnit": 199,
          "unitQuantity": 100,
          "unitQuantityUom": "g",
          "measureDescription": "100g"
        }
      },
      "promotions": [
        {
          "promoId": "128785554",
          "rewardValue": 589,
          "decal": "6000",
          "sapType": "LAYERED",
          "rewardType": "NEW_PRICE",
          "threshold": 4,
          "multiProducts": false,
          "cardDependencyFlag": false,
          "bestPromotion": true,
          "comparativePrice": {
            "pricePerUnit": 173,
            "unitQuantity": 100,
            "unitQuantityUom": "g",
            "measureDescription": "100g"
          }
        }
      ],
      "categoryTrees": [
        {
          "level0": "Pets",
          "level1": "Pet Supplies",
          "level2": "Cat Food"
        }
      ],
      "cateredFlag": false
    },
    {
      "productId": "5028598-EA-000",
      "brand": "Pedigree",
      "name": "Adult With Real Chicken Dry Dog Food",
      "displayName": "8kg",
      "availability": [
        "IN_STORE",
        "ONLINE"
      ],
      "saleType": "UNITS",
      "restrictedFlag": false,
      "liquorFlag": false,
      "tobaccoFlag": false,
      "originRegulated": false,
      "singlePrice": {
        "price": 4499,
        "promoId": "128891413",
        "comparativePrice": {
          "pricePerUnit": 56,
          "unitQuantity": 100,
          "unitQuantityUom": "g",
          "measureDescription": "100g"
        }
      },
      "promotions": [
        {
          "promoId": "128891413",
          "rewardValue": 4499,
          "decal": "7000",
          "sapType": "BASE",
          "rewardType": "NEW_PRICE",
          "threshold": 1,
          "limit": 0,
          "multiProducts": false,
          "cardDependencyFlag": false,
          "bestPromotion": true,
          "comparativePrice": {
            "pricePerUnit": 56,
            "unitQuantity": 100,
            "unitQuantityUom": "g",
            "measureDescription": "100g"
          }
        }
      ],
      "categoryTrees": [
        {
          "level0": "Pets",
          "level1": "Pet Supplies",
          "level2": "Dog Food"
        }
      ],
      "cateredFlag": false
    },
    {
      "productId": "5245740-EA-000",
      "brand": "Perfect",
      "name": "Grain Free Chicken Dog Roll",
      "displayName": "2kg",
      "availability": [
        "IN_STORE",
        "ONLINE"
      ],
      "saleType": "UNITS",
      "restrictedFlag": false,
      "liquorFlag": false,
      "tobaccoFlag": false,
      "originRegulated": false,
      "singlePrice": {
        "price": 1199,
        "comparativePrice": {
          "pricePerUnit": 60,
          "unitQuantity": 100,
          "unitQuantityUom": "g",
          "measureDescription": "100g"
        }
      },
      "facets": [
        {
          "itemCode": "00020011",
          "itemDescription": "Low Sugar"
        },
        {
          "itemCode": "00020004",
          "itemDescription": "Gluten Free"
        },
        {
          "itemCode": "00020012",
          "itemDescription": "Non-GMO"
        },
        {
          "itemCode": "00020006",
          "itemDescription": "Cage Free"
        }
      ],
      "categoryTrees": [
        {
          "level0": "Pets",
          "level1": "Pet Supplies",
          "level2": "Dog Food"
        }
      ],
      "cateredFlag": false
    },
    {
      "productId": "5010297-EA-000",
      "brand": "Whiskas",
      "name": "Ocean Fish Loaf Wet Cat Food",
      "displayName": "700g",
      "availability": [
        "IN_STORE",
        "ONLINE"
      ],
      "saleType": "UNITS",
      "restrictedFlag": false,
      "liquorFlag": false,
      "tobaccoFlag": false,
      "originRegulated": false,
      "singlePrice": {
        "price": 509,
        "comparativePrice": {
          "pricePerUnit": 73,
          "unitQuantity": 100,
          "unitQuantityUom": "g",
          "measureDescription": "100g"
        }
      },
      "categoryTrees": [
        {
          "level0": "Pets",
          "level1": "Pet Supplies",
          "level2": "Cat Food"
        }
      ],
      "cateredFlag": false
    },
    {
      "productId": "5260192-EA-000",
      "brand": "Nature's Gift",
      "name": "Healthy Weight Chicken Dog Food",
      "displayName": "2.5kg",
      "availability": [
        "IN_STORE",
        "ONLINE"
      ],
      "saleType": "UNITS",
      "restrictedFlag": false,
      "liquorFlag": false,
      "tobaccoFlag": false,
      "originRegulated": false,
      "singlePrice": {
        "price": 1579,
        "promoId": "128785547",
        "comparativePrice": {
          "pricePerUnit": 63,
          "unitQuantity": 100,
          "unitQuantityUom": "g",
          "measureDescription": "100g"
        }
      },
      "promotions": [
        {
          "promoId": "128785547",
          "rewardValue": 1579,
          "decal": "6000",
          "sapType": "BASE",
          "rewardType": "NEW_PRICE",
          "threshold": 1,
          "limit": 0,
          "multiProducts": false,
          "cardDependencyFlag": false,
          "bestPromotion": true,
          "comparativePrice": {
            "pricePerUnit": 63,
            "unitQuantity": 100,
            "unitQuantityUom": "g",
            "measureDescription": "100g"
          }
        }
      ],
      "categoryTrees": [
        {
          "level0": "Pets",
          "level1": "Pet Supplies",
          "level2": "Dog Food"
        }
      ],
      "cateredFlag": false
    },
    {
      "productId": "5013826-EA-000",
      "brand": "Chef",
      "name": "Beef & Kidney Casserole Pouches Cat Food",
      "displayName": "4 x 100g",
      "availability": [
        "IN_STORE",
        "ONLINE"
      ],
      "saleType": "UNITS",
      "restrictedFlag": false,
      "liquorFlag": false,
      "tobaccoFlag": false,
      "originRegulated": false,
      "singlePrice": {
        "price": 369,
        "comparativePrice": {
          "pricePerUnit": 92,
          "unitQuantity": 100,
          "unitQuantityUom": "g",
          "measureDescription": "100g"
        }
      },
      "facets": [
        {
          "itemCode": "00020012",
          "itemDescription": "Non-GMO"
        }
      ],
      "categoryTrees": [
        {
          "level0": "Pets",
          "level1": "Pet Supplies",
          "level2": "Cat Food"
        }
      ],
      "cateredFlag": false
    },
    {
      "productId": "5032599-EA-000",
      "brand": "V.I.P Petfoods",
      "name": "Natures Goodness Chicken & Duck With Garden Vegetables Dog Food",
      "displayName": "100g",
      "availability": [
        "IN_STORE",
        "ONLINE"
      ],
      "saleType": "UNITS",
      "restrictedFlag": false,
      "liquorFlag": false,
      "tobaccoFlag": false,
      "originRegulated": false,
      "singlePrice": {
        "price": 179,
        "promoId": "128785535",
        "comparativePrice": {
          "pricePerUnit": 179,
          "unitQuantity": 100,
          "unitQuantityUom": "g",
          "measureDescription": "100g"
        }
      },
      "promotions": [
        {
          "promoId": "128785535",
          "rewardValue": 179,
          "decal": "6000",
          "sapType": "BASE",
          "rewardType": "NEW_PRICE",
          "threshold": 1,
          "limit": 0,
          "multiProducts": false,
          "cardDependencyFlag": false,
          "bestPromotion": true,
          "comparativePrice": {
            "pricePerUnit": 179,
            "unitQuantity": 100,
            "unitQuantityUom": "g",
            "measureDescription": "100g"
          }
        }
      ],
      "categoryTrees": [
        {
          "level0": "Pets",
          "level1": "Pet Supplies",
          "level2": "Dog Food"
        }
      ],
      "cateredFlag": false
    },
    {
      "productId": "5035853-EA-000",
      "brand": "Whiskas",
      "name": "Tender Chicken Favourites In Gravy Kitten Wet Cat Food Pouches",
      "displayName": "4 x 85g",
      "availability": [
        "IN_STORE",
        "ONLINE"
      ],
      "saleType": "UNITS",
      "restrictedFlag": false,
      "liquorFlag": false,
      "tobaccoFlag": false,
      "originRegulated": false,
      "singlePrice": {
        "price": 389,
        "promoId": "128891426",
        "comparativePrice": {
          "pricePerUnit": 114,
          "unitQuantity": 100,
          "unitQuantityUom": "g",
          "measureDescription": "100g"
        }
      },
      "promotions": [
        {
          "promoId": "128891426",
          "rewardValue": 389,
          "decal": "7000",
          "sapType": "BASE",
          "rewardType": "NEW_PRICE",
          "threshold": 1,
          "limit": 0,
          "multiProducts": false,
          "cardDependencyFlag": false,
          "bestPromotion": true,
          "comparativePrice": {
            "pricePerUnit": 114,
            "unitQuantity": 100,
            "unitQuantityUom": "g",
            "measureDescription": "100g"
          }
        }
      ],
      "categoryTrees": [
        {
          "level0": "Pets",
          "level1": "Pet Supplies",
          "level2": "Cat Food"
        }
      ],
      "cateredFlag": false
    },
    {
      "productId": "5038181-EA-000",
      "brand": "Temptations",
      "name": "Mix Ups Chicken Catnip & Cheddar Flavour Treats For Cats",
      "displayName": "85g",
      "availability": [
        "IN_STORE",
        "ONLINE"
      ],
      "saleType": "UNITS",
      "restrictedFlag": false,
      "liquorFlag": false,
      "tobaccoFlag": false,
      "originRegulated": false,
      "singlePrice": {
        "price": 469,
        "comparativePrice": {
          "pricePerUnit": 552,
          "unitQuantity": 100,
          "unitQuantityUom": "g",
          "measureDescription": "100g"
        }
      },
      "categoryTrees": [
        {
          "level0": "Pets",
          "level1": "Pet Supplies",
          "level2": "Cat Food"
        }
      ],
      "cateredFlag": false
    },
    {
      "productId": "5012773-EA-000",
      "brand": "Whiskas",
      "name": "Beef Casserole Wet Cat Food",
      "displayName": "700g",
      "availability": [
        "IN_STORE",
        "ONLINE"
      ],
      "saleType": "UNITS",
      "restrictedFlag": false,
      "liquorFlag": false,
      "tobaccoFlag": false,
      "originRegulated": false,
      "singlePrice": {
        "price": 509,
        "comparativePrice": {
          "pricePerUnit": 73,
          "unitQuantity": 100,
          "unitQuantityUom": "g",
          "measureDescription": "100g"
        }
      },
      "categoryTrees": [
        {
          "level0": "Pets",
          "level1": "Pet Supplies",
          "level2": "Cat Food"
        }
      ],
      "cateredFlag": false
    },
    {
      "productId": "5038180-EA-000",
      "brand": "Temptations",
      "name": "Mixups Chicken Beef & Turkey",
      "displayName": "85g",
      "availability": [
        "IN_STORE",
        "ONLINE"
      ],
      "saleType": "UNITS",
      "restrictedFlag": false,
      "liquorFlag": false,
      "tobaccoFlag": false,
      "originRegulated": false,
      "singlePrice": {
        "price": 469,
        "comparativePrice": {
          "pricePerUnit": 552,
          "unitQuantity": 100,
          "unitQuantityUom": "g",
          "measureDescription": "100g"
        }
      },
      "categoryTrees": [
        {
          "level0": "Pets",
          "level1": "Pet Supplies",
          "level2": "Cat Food"
        }
      ],
      "cateredFlag": false
    },
    {
      "productId": "5247479-EA-000",
      "brand": "Temptations",
      "name": "Tasty Chicken Flavour Treats For Cats",
      "displayName": "454g",
      "availability": [
        "IN_STORE",
        "ONLINE"
      ],
      "saleType": "UNITS",
      "restrictedFlag": false,
      "liquorFlag": false,
      "tobaccoFlag": false,
      "originRegulated": false,
      "singlePrice": {
        "price": 1869,
        "comparativePrice": {
          "pricePerUnit": 412,
          "unitQuantity": 100,
          "unitQuantityUom": "g",
          "measureDescription": "100g"
        }
      },
      "categoryTrees": [
        {
          "level0": "Pets",
          "level1": "Pet Supplies",
          "level2": "Cat Food"
        }
      ],
      "cateredFlag": false
    },
    {
      "productId": "5032603-EA-000",
      "brand": "V.I.P Petfoods",
      "name": "Natures Goodness Homestyle Beef Stew With Carrots & Potatoes Dog Food",
      "displayName": "100g",
      "availability": [
        "IN_STORE",
        "ONLINE"
      ],
      "saleType": "UNITS",
      "restrictedFlag": false,
      "liquorFlag": false,
      "tobaccoFlag": false,
      "originRegulated": false,
      "singlePrice": {
        "price": 179,
        "promoId": "128785541",
        "comparativePrice": {
          "pricePerUnit": 179,
          "unitQuantity": 100,
          "unitQuantityUom": "g",
          "measureDescription": "100g"
        }
      },
      "promotions": [
        {
          "promoId": "128785541",
          "rewardValue": 179,
          "decal": "6000",
          "sapType": "BASE",
          "rewardType": "NEW_PRICE",
          "threshold": 1,
          "limit": 0,
          "multiProducts": false,
          "cardDependencyFlag": false,
          "bestPromotion": true,
          "comparativePrice": {
            "pricePerUnit": 179,
            "unitQuantity": 100,
            "unitQuantityUom": "g",
            "measureDescription": "100g"
          }
        }
      ],
      "categoryTrees": [
        {
          "level0": "Pets",
          "level1": "Pet Supplies",
          "level2": "Dog Food"
        }
      ],
      "cateredFlag": false
    },
    {
      "productId": "5016447-EA-000",
      "brand": "VitaPet",
      "name": "Purrifit Crystal Cat Litter",
      "displayName": "7l",
      "availability": [
        "IN_STORE",
        "ONLINE"
      ],
      "saleType": "UNITS",
      "restrictedFlag": false,
      "liquorFlag": false,
      "tobaccoFlag": false,
      "originRegulated": false,
      "singlePrice": {
        "price": 1199,
        "promoId": "128943261",
        "comparativePrice": {
          "pricePerUnit": 171,
          "unitQuantity": 1,
          "unitQuantityUom": "L",
          "measureDescription": "1L"
        }
      },
      "promotions": [
        {
          "promoId": "128943261",
          "rewardValue": 1199,
          "decal": "6000",
          "sapType": "BASE",
          "rewardType": "NEW_PRICE",
          "threshold": 1,
          "limit": 0,
          "multiProducts": false,
          "cardDependencyFlag": false,
          "bestPromotion": true,
          "comparativePrice": {
            "pricePerUnit": 171,
            "unitQuantity": 1,
            "unitQuantityUom": "L",
            "measureDescription": "1L"
          }
        }
      ],
      "categoryTrees": [
        {
          "level0": "Pets",
          "level1": "Pet Supplies",
          "level2": "Cat Accessories"
        }
      ],
      "cateredFlag": false
    },
    {
      "productId": "5226950-EA-000",
      "brand": "Fussy Cat",
      "name": "Grainfree Chicken & Turkey With Cranberry Gravy Premium Adult Cat Food",
      "displayName": "400g",
      "availability": [
        "IN_STORE",
        "ONLINE"
      ],
      "saleType": "UNITS",
      "restrictedFlag": false,
      "liquorFlag": false,
      "tobaccoFlag": false,
      "originRegulated": false,
      "singlePrice": {
        "price": 389,
        "comparativePrice": {
          "pricePerUnit": 97,
          "unitQuantity": 100,
          "unitQuantityUom": "g",
          "measureDescription": "100g"
        }
      },
      "promotions": [
        {
          "promoId": "128785564",
          "rewardValue": 679,
          "decal": "6000",
          "sapType": "LAYERED",
          "rewardType": "NEW_PRICE",
          "threshold": 2,
          "multiProducts": false,
          "cardDependencyFlag": false,
          "bestPromotion": true,
          "comparativePrice": {
            "pricePerUnit": 85,
            "unitQuantity": 100,
            "unitQuantityUom": "g",
            "measureDescription": "100g"
          }
        }
      ],
      "categoryTrees": [
        {
          "level0": "Pets",
          "level1": "Pet Supplies",
          "level2": "Cat Food"
        }
      ],
      "cateredFlag": false
    },
    {
      "productId": "5030865-EA-000",
      "brand": "Whiskas",
      "name": "Beef Favourites In Gravy Adult Wet Cat Food Pouches",
      "displayName": "12 x 85g",
      "availability": [
        "IN_STORE",
        "ONLINE"
      ],
      "saleType": "UNITS",
      "restrictedFlag": false,
      "liquorFlag": false,
      "tobaccoFlag": false,
      "originRegulated": false,
      "singlePrice": {
        "price": 1169,
        "comparativePrice": {
          "pricePerUnit": 115,
          "unitQuantity": 100,
          "unitQuantityUom": "g",
          "measureDescription": "100g"
        }
      },
      "categoryTrees": [
        {
          "level0": "Pets",
          "level1": "Pet Supplies",
          "level2": "Cat Food"
        }
      ],
      "cateredFlag": false
    },
    {
      "productId": "5260191-EA-000",
      "brand": "Nature's Gift",
      "name": "Sustain Just Natural Kangaroo Dog Food",
      "displayName": "2.5kg",
      "availability": [
        "IN_STORE",
        "ONLINE"
      ],
      "saleType": "UNITS",
      "restrictedFlag": false,
      "liquorFlag": false,
      "tobaccoFlag": false,
      "originRegulated": false,
      "singlePrice": {
        "price": 1579,
        "promoId": "128785544",
        "comparativePrice": {
          "pricePerUnit": 63,
          "unitQuantity": 100,
          "unitQuantityUom": "g",
          "measureDescription": "100g"
        }
      },
      "promotions": [
        {
          "promoId": "128785544",
          "rewardValue": 1579,
          "decal": "6000",
          "sapType": "BASE",
          "rewardType": "NEW_PRICE",
          "threshold": 1,
          "limit": 0,
          "multiProducts": false,
          "cardDependencyFlag": false,
          "bestPromotion": true,
          "comparativePrice": {
            "pricePerUnit": 63,
            "unitQuantity": 100,
            "unitQuantityUom": "g",
            "measureDescription": "100g"
          }
        }
      ],
      "categoryTrees": [
        {
          "level0": "Pets",
          "level1": "Pet Supplies",
          "level2": "Dog Food"
        }
      ],
      "cateredFlag": false
    },
    {
      "productId": "5019042-EA-000",
      "brand": "Pedigree",
      "name": "Dentastix Large Dog Daily Dental Care Dog Treats",
      "displayName": "28pk",
      "availability": [
        "IN_STORE",
        "ONLINE"
      ],
      "saleType": "UNITS",
      "restrictedFlag": false,
      "liquorFlag": false,
      "tobaccoFlag": false,
      "originRegulated": false,
      "singlePrice": {
        "price": 1899,
        "promoId": "128928682",
        "comparativePrice": {
          "pricePerUnit": 68,
          "unitQuantity": 1,
          "unitQuantityUom": "ea",
          "measureDescription": "ea"
        }
      },
      "promotions": [
        {
          "promoId": "128928682",
          "rewardValue": 1899,
          "decal": "6000",
          "sapType": "BASE",
          "rewardType": "NEW_PRICE",
          "threshold": 1,
          "limit": 0,
          "multiProducts": false,
          "cardDependencyFlag": false,
          "bestPromotion": true,
          "comparativePrice": {
            "pricePerUnit": 68,
            "unitQuantity": 1,
            "unitQuantityUom": "ea",
            "measureDescription": "ea"
          }
        }
      ],
      "categoryTrees": [
        {
          "level0": "Pets",
          "level1": "Pet Supplies",
          "level2": "Dog Treats"
        }
      ],
      "cateredFlag": false
    },
    {
      "productId": "5018142-EA-000",
      "brand": "My Dog",
      "name": "Classic Loaf With Tender Chicken Wet Dog Food",
      "displayName": "6 x 100g",
      "availability": [
        "IN_STORE",
        "ONLINE"
      ],
      "saleType": "UNITS",
      "restrictedFlag": false,
      "liquorFlag": false,
      "tobaccoFlag": false,
      "originRegulated": false,
      "singlePrice": {
        "price": 1249,
        "comparativePrice": {
          "pricePerUnit": 208,
          "unitQuantity": 100,
          "unitQuantityUom": "g",
          "measureDescription": "100g"
        }
      },
      "categoryTrees": [
        {
          "level0": "Pets",
          "level1": "Pet Supplies",
          "level2": "Dog Food"
        }
      ],
      "cateredFlag": false
    },
    {
      "productId": "5281331-EA-000",
      "brand": "Whiskas",
      "name": "Tender Beef Favourites In Jelly Kitten Wet Food Pouches",
      "displayName": "4 x 85g",
      "availability": [
        "IN_STORE",
        "ONLINE"
      ],
      "saleType": "UNITS",
      "restrictedFlag": false,
      "liquorFlag": false,
      "tobaccoFlag": false,
      "originRegulated": false,
      "singlePrice": {
        "price": 389,
        "promoId": "128891426",
        "comparativePrice": {
          "pricePerUnit": 114,
          "unitQuantity": 100,
          "unitQuantityUom": "g",
          "measureDescription": "100g"
        }
      },
      "promotions": [
        {
          "promoId": "128891426",
          "rewardValue": 389,
          "decal": "7000",
          "sapType": "BASE",
          "rewardType": "NEW_PRICE",
          "threshold": 1,
          "limit": 0,
          "multiProducts": false,
          "cardDependencyFlag": false,
          "bestPromotion": true,
          "comparativePrice": {
            "pricePerUnit": 114,
            "unitQuantity": 100,
            "unitQuantityUom": "g",
            "measureDescription": "100g"
          }
        }
      ],
      "categoryTrees": [
        {
          "level0": "Pets",
          "level1": "Pet Supplies",
          "level2": "Cat Food"
        }
      ],
      "cateredFlag": false
    },
    {
      "productId": "5281326-EA-000",
      "brand": "Whiskas",
      "name": "So Meaty Cuts In Gravy Wet Cat Food Pouches",
      "displayName": "15 x 85g",
      "availability": [
        "IN_STORE",
        "ONLINE"
      ],
      "saleType": "UNITS",
      "restrictedFlag": false,
      "liquorFlag": false,
      "tobaccoFlag": false,
      "originRegulated": false,
      "singlePrice": {
        "price": 1549,
        "comparativePrice": {
          "pricePerUnit": 121,
          "unitQuantity": 100,
          "unitQuantityUom": "g",
          "measureDescription": "100g"
        }
      },
      "categoryTrees": [
        {
          "level0": "Pets",
          "level1": "Pet Supplies",
          "level2": "Cat Food"
        }
      ],
      "cateredFlag": false
    },
    {
      "productId": "5016608-EA-000",
      "brand": "My Dog",
      "name": "Classic Loaf With Lamb & Hearty Liver Wet Dog Food",
      "displayName": "400g",
      "availability": [
        "IN_STORE",
        "ONLINE"
      ],
      "saleType": "UNITS",
      "restrictedFlag": false,
      "liquorFlag": false,
      "tobaccoFlag": false,
      "originRegulated": false,
      "singlePrice": {
        "price": 419,
        "comparativePrice": {
          "pricePerUnit": 105,
          "unitQuantity": 100,
          "unitQuantityUom": "g",
          "measureDescription": "100g"
        }
      },
      "categoryTrees": [
        {
          "level0": "Pets",
          "level1": "Pet Supplies",
          "level2": "Dog Food"
        }
      ],
      "cateredFlag": false
    },
    {
      "productId": "5228997-EA-000",
      "brand": "Value",
      "name": "Budgie Bird Seed Mix",
      "displayName": "1kg",
      "availability": [
        "IN_STORE",
        "ONLINE"
      ],
      "saleType": "UNITS",
      "restrictedFlag": false,
      "liquorFlag": false,
      "tobaccoFlag": false,
      "originRegulated": false,
      "singlePrice": {
        "price": 469,
        "comparativePrice": {
          "pricePerUnit": 47,
          "unitQuantity": 100,
          "unitQuantityUom": "g",
          "measureDescription": "100g"
        }
      },
      "facets": [
        {
          "itemCode": "00020012",
          "itemDescription": "Non-GMO"
        }
      ],
      "categoryTrees": [
        {
          "level0": "Pets",
          "level1": "Pet Supplies",
          "level2": "Bird Supplies"
        }
      ],
      "cateredFlag": false
    },
    {
      "productId": "5271403-EA-000",
      "brand": "Fussy Cat",
      "name": "Grainfree Lamb & Chicken With Peas Loaf Premium Adult Cat Food",
      "displayName": "85g",
      "availability": [
        "IN_STORE",
        "ONLINE"
      ],
      "saleType": "UNITS",
      "restrictedFlag": false,
      "liquorFlag": false,
      "tobaccoFlag": false,
      "originRegulated": false,
      "singlePrice": {
        "price": 169,
        "comparativePrice": {
          "pricePerUnit": 199,
          "unitQuantity": 100,
          "unitQuantityUom": "g",
          "measureDescription": "100g"
        }
      },
      "promotions": [
        {
          "promoId": "128785556",
          "rewardValue": 589,
          "decal": "6000",
          "sapType": "LAYERED",
          "rewardType": "NEW_PRICE",
          "threshold": 4,
          "multiProducts": false,
          "cardDependencyFlag": false,
          "bestPromotion": true,
          "comparativePrice": {
            "pricePerUnit": 173,
            "unitQuantity": 100,
            "unitQuantityUom": "g",
            "measureDescription": "100g"
          }
        }
      ],
      "categoryTrees": [
        {
          "level0": "Pets",
          "level1": "Pet Supplies",
          "level2": "Cat Food"
        }
      ],
      "cateredFlag": false
    },
    {
      "productId": "5018684-EA-000",
      "brand": "Fussy Cat",
      "name": "Grainfree Salmon Whitefish & Olive Oil Premium Adult Cat Food",
      "displayName": "500g",
      "availability": [
        "IN_STORE",
        "ONLINE"
      ],
      "saleType": "UNITS",
      "restrictedFlag": false,
      "liquorFlag": false,
      "tobaccoFlag": false,
      "originRegulated": false,
      "singlePrice": {
        "price": 659,
        "promoId": "128785565",
        "comparativePrice": {
          "pricePerUnit": 132,
          "unitQuantity": 100,
          "unitQuantityUom": "g",
          "measureDescription": "100g"
        }
      },
      "promotions": [
        {
          "promoId": "128785565",
          "rewardValue": 659,
          "decal": "6000",
          "sapType": "BASE",
          "rewardType": "NEW_PRICE",
          "threshold": 1,
          "limit": 0,
          "multiProducts": false,
          "cardDependencyFlag": false,
          "bestPromotion": true,
          "comparativePrice": {
            "pricePerUnit": 132,
            "unitQuantity": 100,
            "unitQuantityUom": "g",
            "measureDescription": "100g"
          }
        }
      ],
      "categoryTrees": [
        {
          "level0": "Pets",
          "level1": "Pet Supplies",
          "level2": "Cat Food"
        }
      ],
      "cateredFlag": false
    },
    {
      "productId": "5012941-EA-000",
      "brand": "VitaPet",
      "name": "Choc Drops Dog Treats",
      "displayName": "100g",
      "availability": [
        "IN_STORE",
        "ONLINE"
      ],
      "saleType": "UNITS",
      "restrictedFlag": false,
      "liquorFlag": false,
      "tobaccoFlag": false,
      "originRegulated": false,
      "singlePrice": {
        "price": 369,
        "comparativePrice": {
          "pricePerUnit": 369,
          "unitQuantity": 100,
          "unitQuantityUom": "g",
          "measureDescription": "100g"
        }
      },
      "categoryTrees": [
        {
          "level0": "Pets",
          "level1": "Pet Supplies",
          "level2": "Dog Treats"
        }
      ],
      "cateredFlag": false
    },
    {
      "productId": "5016012-EA-000",
      "brand": "Pedigree",
      "name": "Dentastix Small Dog Daily Dental Care Dog Treats",
      "displayName": "110g",
      "availability": [
        "IN_STORE",
        "ONLINE"
      ],
      "saleType": "UNITS",
      "restrictedFlag": false,
      "liquorFlag": false,
      "tobaccoFlag": false,
      "originRegulated": false,
      "singlePrice": {
        "price": 599,
        "promoId": "128891406",
        "comparativePrice": {
          "pricePerUnit": 545,
          "unitQuantity": 100,
          "unitQuantityUom": "g",
          "measureDescription": "100g"
        }
      },
      "promotions": [
        {
          "promoId": "128891406",
          "rewardValue": 599,
          "decal": "7000",
          "sapType": "BASE",
          "rewardType": "NEW_PRICE",
          "threshold": 1,
          "limit": 0,
          "multiProducts": false,
          "cardDependencyFlag": false,
          "bestPromotion": true,
          "comparativePrice": {
            "pricePerUnit": 545,
            "unitQuantity": 100,
            "unitQuantityUom": "g",
            "measureDescription": "100g"
          }
        }
      ],
      "categoryTrees": [
        {
          "level0": "Pets",
          "level1": "Pet Supplies",
          "level2": "Dog Treats"
        }
      ],
      "cateredFlag": false
    },
    {
      "productId": "5271774-EA-000",
      "brand": "Temptations",
      "name": "Mixups Chicken Catnip & Cheddar Flavours Treats For Cats",
      "displayName": "454g",
      "availability": [
        "IN_STORE",
        "ONLINE"
      ],
      "saleType": "UNITS",
      "restrictedFlag": false,
      "liquorFlag": false,
      "tobaccoFlag": false,
      "originRegulated": false,
      "singlePrice": {
        "price": 1869,
        "comparativePrice": {
          "pricePerUnit": 412,
          "unitQuantity": 100,
          "unitQuantityUom": "g",
          "measureDescription": "100g"
        }
      },
      "categoryTrees": [
        {
          "level0": "Pets",
          "level1": "Pet Supplies",
          "level2": "Cat Food"
        }
      ],
      "cateredFlag": false
    },
    {
      "productId": "5019739-EA-000",
      "brand": "Temptations",
      "name": "Seafood Medley Flavour Treats For Cats",
      "displayName": "180g",
      "availability": [
        "IN_STORE",
        "ONLINE"
      ],
      "saleType": "UNITS",
      "restrictedFlag": false,
      "liquorFlag": false,
      "tobaccoFlag": false,
      "originRegulated": false,
      "singlePrice": {
        "price": 799,
        "promoId": "128891419",
        "comparativePrice": {
          "pricePerUnit": 444,
          "unitQuantity": 100,
          "unitQuantityUom": "g",
          "measureDescription": "100g"
        }
      },
      "promotions": [
        {
          "promoId": "128891419",
          "rewardValue": 799,
          "decal": "7000",
          "sapType": "BASE",
          "rewardType": "NEW_PRICE",
          "threshold": 1,
          "limit": 0,
          "multiProducts": false,
          "cardDependencyFlag": false,
          "bestPromotion": true,
          "comparativePrice": {
            "pricePerUnit": 444,
            "unitQuantity": 100,
            "unitQuantityUom": "g",
            "measureDescription": "100g"
          }
        }
      ],
      "categoryTrees": [
        {
          "level0": "Pets",
          "level1": "Pet Supplies",
          "level2": "Cat Food"
        }
      ],
      "cateredFlag": false
    },
    {
      "productId": "5032602-EA-000",
      "brand": "V.I.P Petfoods",
      "name": "Natures Goodness Tender Lamb & Rosemary With Steamed Vegetables Dog Food",
      "displayName": "100g",
      "availability": [
        "IN_STORE",
        "ONLINE"
      ],
      "saleType": "UNITS",
      "restrictedFlag": false,
      "liquorFlag": false,
      "tobaccoFlag": false,
      "originRegulated": false,
      "singlePrice": {
        "price": 179,
        "promoId": "128785538",
        "comparativePrice": {
          "pricePerUnit": 179,
          "unitQuantity": 100,
          "unitQuantityUom": "g",
          "measureDescription": "100g"
        }
      },
      "promotions": [
        {
          "promoId": "128785538",
          "rewardValue": 179,
          "decal": "6000",
          "sapType": "BASE",
          "rewardType": "NEW_PRICE",
          "threshold": 1,
          "limit": 0,
          "multiProducts": false,
          "cardDependencyFlag": false,
          "bestPromotion": true,
          "comparativePrice": {
            "pricePerUnit": 179,
            "unitQuantity": 100,
            "unitQuantityUom": "g",
            "measureDescription": "100g"
          }
        }
      ],
      "categoryTrees": [
        {
          "level0": "Pets",
          "level1": "Pet Supplies",
          "level2": "Dog Food"
        }
      ],
      "cateredFlag": false
    },
    {
      "productId": "5016226-EA-000",
      "brand": "Dine",
      "name": "Desire Flaked Tuna & Shredded Crab Wet Cat Food",
      "displayName": "85g",
      "availability": [
        "IN_STORE",
        "ONLINE"
      ],
      "saleType": "UNITS",
      "restrictedFlag": false,
      "liquorFlag": false,
      "tobaccoFlag": false,
      "originRegulated": false,
      "singlePrice": {
        "price": 209,
        "promoId": "128891399",
        "comparativePrice": {
          "pricePerUnit": 246,
          "unitQuantity": 100,
          "unitQuantityUom": "g",
          "measureDescription": "100g"
        }
      },
      "promotions": [
        {
          "promoId": "128891399",
          "rewardValue": 209,
          "decal": "7000",
          "sapType": "BASE",
          "rewardType": "NEW_PRICE",
          "threshold": 1,
          "limit": 0,
          "multiProducts": false,
          "cardDependencyFlag": false,
          "bestPromotion": true,
          "comparativePrice": {
            "pricePerUnit": 246,
            "unitQuantity": 100,
            "unitQuantityUom": "g",
            "measureDescription": "100g"
          }
        }
      ],
      "categoryTrees": [
        {
          "level0": "Pets",
          "level1": "Pet Supplies",
          "level2": "Cat Food"
        }
      ],
      "cateredFlag": false
    },
    {
      "productId": "5272941-EA-000",
      "brand": "Chef",
      "name": "Tasty Lamb & Chicken Cat Food",
      "displayName": "2kg",
      "availability": [
        "IN_STORE",
        "ONLINE"
      ],
      "saleType": "UNITS",
      "restrictedFlag": false,
      "liquorFlag": false,
      "tobaccoFlag": false,
      "originRegulated": false,
      "singlePrice": {
        "price": 1829,
        "comparativePrice": {
          "pricePerUnit": 91,
          "unitQuantity": 100,
          "unitQuantityUom": "g",
          "measureDescription": "100g"
        }
      },
      "facets": [
        {
          "itemCode": "00020012",
          "itemDescription": "Non-GMO"
        }
      ],
      "categoryTrees": [
        {
          "level0": "Pets",
          "level1": "Pet Supplies",
          "level2": "Cat Food"
        }
      ],
      "cateredFlag": false
    },
    {
      "productId": "5019737-EA-000",
      "brand": "Temptations",
      "name": "Hearty Beef Flavour Treats For Cats",
      "displayName": "180g",
      "availability": [
        "IN_STORE",
        "ONLINE"
      ],
      "saleType": "UNITS",
      "restrictedFlag": false,
      "liquorFlag": false,
      "tobaccoFlag": false,
      "originRegulated": false,
      "singlePrice": {
        "price": 799,
        "promoId": "128891419",
        "comparativePrice": {
          "pricePerUnit": 444,
          "unitQuantity": 100,
          "unitQuantityUom": "g",
          "measureDescription": "100g"
        }
      },
      "promotions": [
        {
          "promoId": "128891419",
          "rewardValue": 799,
          "decal": "7000",
          "sapType": "BASE",
          "rewardType": "NEW_PRICE",
          "threshold": 1,
          "limit": 0,
          "multiProducts": false,
          "cardDependencyFlag": false,
          "bestPromotion": true,
          "comparativePrice": {
            "pricePerUnit": 444,
            "unitQuantity": 100,
            "unitQuantityUom": "g",
            "measureDescription": "100g"
          }
        }
      ],
      "categoryTrees": [
        {
          "level0": "Pets",
          "level1": "Pet Supplies",
          "level2": "Cat Food"
        }
      ],
      "cateredFlag": false
    },
    {
      "productId": "5016222-EA-000",
      "brand": "Dine",
      "name": "Desire Succulent Chicken Breast Wet Cat Food",
      "displayName": "85g",
      "availability": [
        "IN_STORE",
        "ONLINE"
      ],
      "saleType": "UNITS",
      "restrictedFlag": false,
      "liquorFlag": false,
      "tobaccoFlag": false,
      "originRegulated": false,
      "singlePrice": {
        "price": 209,
        "promoId": "128891399",
        "comparativePrice": {
          "pricePerUnit": 246,
          "unitQuantity": 100,
          "unitQuantityUom": "g",
          "measureDescription": "100g"
        }
      },
      "promotions": [
        {
          "promoId": "128891399",
          "rewardValue": 209,
          "decal": "7000",
          "sapType": "BASE",
          "rewardType": "NEW_PRICE",
          "threshold": 1,
          "limit": 0,
          "multiProducts": false,
          "cardDependencyFlag": false,
          "bestPromotion": true,
          "comparativePrice": {
            "pricePerUnit": 246,
            "unitQuantity": 100,
            "unitQuantityUom": "g",
            "measureDescription": "100g"
          }
        }
      ],
      "categoryTrees": [
        {
          "level0": "Pets",
          "level1": "Pet Supplies",
          "level2": "Cat Food"
        }
      ],
      "cateredFlag": false
    },
    {
      "productId": "5277305-EA-000",
      "brand": "Schmackos",
      "name": "Beef Strapz Dog Treats",
      "displayName": "200g",
      "availability": [
        "IN_STORE",
        "ONLINE"
      ],
      "saleType": "UNITS",
      "restrictedFlag": false,
      "liquorFlag": false,
      "tobaccoFlag": false,
      "originRegulated": false,
      "singlePrice": {
        "price": 759,
        "promoId": "128950976",
        "comparativePrice": {
          "pricePerUnit": 380,
          "unitQuantity": 100,
          "unitQuantityUom": "g",
          "measureDescription": "100g"
        }
      },
      "promotions": [
        {
          "promoId": "128950976",
          "rewardValue": 759,
          "decal": "6000",
          "sapType": "BASE",
          "rewardType": "NEW_PRICE",
          "threshold": 1,
          "limit": 0,
          "multiProducts": false,
          "cardDependencyFlag": false,
          "bestPromotion": true,
          "comparativePrice": {
            "pricePerUnit": 380,
            "unitQuantity": 100,
            "unitQuantityUom": "g",
            "measureDescription": "100g"
          }
        }
      ],
      "categoryTrees": [
        {
          "level0": "Pets",
          "level1": "Pet Supplies",
          "level2": "Dog Treats"
        }
      ],
      "cateredFlag": false
    },
    {
      "productId": "5228995-EA-000",
      "brand": "Value",
      "name": "Parrot & Cockateil Bird Seed Mix",
      "displayName": "800g",
      "availability": [
        "IN_STORE",
        "ONLINE"
      ],
      "saleType": "UNITS",
      "restrictedFlag": false,
      "liquorFlag": false,
      "tobaccoFlag": false,
      "originRegulated": false,
      "singlePrice": {
        "price": 469,
        "comparativePrice": {
          "pricePerUnit": 59,
          "unitQuantity": 100,
          "unitQuantityUom": "g",
          "measureDescription": "100g"
        }
      },
      "facets": [
        {
          "itemCode": "00020012",
          "itemDescription": "Non-GMO"
        }
      ],
      "categoryTrees": [
        {
          "level0": "Pets",
          "level1": "Pet Supplies",
          "level2": "Bird Supplies"
        }
      ],
      "cateredFlag": false
    },
    {
      "productId": "5226613-EA-000",
      "brand": "Schmackos",
      "name": "Strapz Variety Pack Dog Treats",
      "displayName": "500g",
      "availability": [
        "IN_STORE",
        "ONLINE"
      ],
      "saleType": "UNITS",
      "restrictedFlag": false,
      "liquorFlag": false,
      "tobaccoFlag": false,
      "originRegulated": false,
      "singlePrice": {
        "price": 1699,
        "promoId": "128891427",
        "comparativePrice": {
          "pricePerUnit": 340,
          "unitQuantity": 100,
          "unitQuantityUom": "g",
          "measureDescription": "100g"
        }
      },
      "promotions": [
        {
          "promoId": "128891427",
          "rewardValue": 1699,
          "decal": "7000",
          "sapType": "BASE",
          "rewardType": "NEW_PRICE",
          "threshold": 1,
          "limit": 0,
          "multiProducts": false,
          "cardDependencyFlag": false,
          "bestPromotion": true,
          "comparativePrice": {
            "pricePerUnit": 340,
            "unitQuantity": 100,
            "unitQuantityUom": "g",
            "measureDescription": "100g"
          }
        }
      ],
      "facets": [
        {
          "itemCode": "00020009",
          "itemDescription": "Low Fat"
        }
      ],
      "categoryTrees": [
        {
          "level0": "Pets",
          "level1": "Pet Supplies",
          "level2": "Dog Treats"
        }
      ],
      "cateredFlag": false
    },
    {
      "productId": "5220019-EA-000",
      "brand": "Value",
      "name": "Poultry Wheat",
      "displayName": "10kg",
      "availability": [
        "IN_STORE",
        "ONLINE"
      ],
      "saleType": "UNITS",
      "restrictedFlag": false,
      "liquorFlag": false,
      "tobaccoFlag": false,
      "originRegulated": false,
      "singlePrice": {
        "price": 1679,
        "comparativePrice": {
          "pricePerUnit": 17,
          "unitQuantity": 100,
          "unitQuantityUom": "g",
          "measureDescription": "100g"
        }
      },
      "facets": [
        {
          "itemCode": "00020012",
          "itemDescription": "Non-GMO"
        }
      ],
      "categoryTrees": [
        {
          "level0": "Pets",
          "level1": "Pet Supplies",
          "level2": "Bird Supplies"
        }
      ],
      "cateredFlag": false
    },
    {
      "productId": "5011900-EA-000",
      "brand": "VitaPet",
      "name": "Jerhigh Chicken With Bacon Flavour Dog Treats",
      "displayName": "100g",
      "availability": [
        "IN_STORE",
        "ONLINE"
      ],
      "saleType": "UNITS",
      "restrictedFlag": false,
      "liquorFlag": false,
      "tobaccoFlag": false,
      "originRegulated": false,
      "singlePrice": {
        "price": 499,
        "promoId": "128943290",
        "comparativePrice": {
          "pricePerUnit": 499,
          "unitQuantity": 100,
          "unitQuantityUom": "g",
          "measureDescription": "100g"
        }
      },
      "promotions": [
        {
          "promoId": "128943290",
          "rewardValue": 499,
          "decal": "6000",
          "sapType": "BASE",
          "rewardType": "NEW_PRICE",
          "threshold": 1,
          "limit": 0,
          "multiProducts": false,
          "cardDependencyFlag": false,
          "bestPromotion": true,
          "comparativePrice": {
            "pricePerUnit": 499,
            "unitQuantity": 100,
            "unitQuantityUom": "g",
            "measureDescription": "100g"
          }
        }
      ],
      "facets": [
        {
          "itemCode": "00020012",
          "itemDescription": "Non-GMO"
        }
      ],
      "categoryTrees": [
        {
          "level0": "Pets",
          "level1": "Pet Supplies",
          "level2": "Dog Treats"
        }
      ],
      "cateredFlag": false
    },
    {
      "productId": "5287886-EA-000",
      "brand": "Love Em",
      "name": "Chicken Training Pet Treats",
      "displayName": "200g",
      "availability": [
        "IN_STORE",
        "ONLINE"
      ],
      "saleType": "UNITS",
      "restrictedFlag": false,
      "liquorFlag": false,
      "tobaccoFlag": false,
      "originRegulated": false,
      "singlePrice": {
        "price": 479,
        "promoId": "128785555",
        "comparativePrice": {
          "pricePerUnit": 240,
          "unitQuantity": 100,
          "unitQuantityUom": "g",
          "measureDescription": "100g"
        }
      },
      "promotions": [
        {
          "promoId": "128785555",
          "rewardValue": 479,
          "decal": "6000",
          "sapType": "BASE",
          "rewardType": "NEW_PRICE",
          "threshold": 1,
          "limit": 0,
          "multiProducts": false,
          "cardDependencyFlag": false,
          "bestPromotion": true,
          "comparativePrice": {
            "pricePerUnit": 240,
            "unitQuantity": 100,
            "unitQuantityUom": "g",
            "measureDescription": "100g"
          }
        }
      ],
      "categoryTrees": [
        {
          "level0": "Pets",
          "level1": "Pet Supplies",
          "level2": "Dog Treats"
        }
      ],
      "cateredFlag": false
    },
    {
      "productId": "5272785-EA-000",
      "brand": "Chef",
      "name": "Beef & Liver Flavours Cat Food",
      "displayName": "2kg",
      "availability": [
        "IN_STORE",
        "ONLINE"
      ],
      "saleType": "UNITS",
      "restrictedFlag": false,
      "liquorFlag": false,
      "tobaccoFlag": false,
      "originRegulated": false,
      "singlePrice": {
        "price": 1829,
        "comparativePrice": {
          "pricePerUnit": 91,
          "unitQuantity": 100,
          "unitQuantityUom": "g",
          "measureDescription": "100g"
        }
      },
      "facets": [
        {
          "itemCode": "00020012",
          "itemDescription": "Non-GMO"
        }
      ],
      "categoryTrees": [
        {
          "level0": "Pets",
          "level1": "Pet Supplies",
          "level2": "Cat Food"
        }
      ],
      "cateredFlag": false
    },
    {
      "productId": "5287996-EA-000",
      "brand": "Love'em",
      "name": "Beef & Liver Training Treats",
      "displayName": "200g",
      "availability": [
        "IN_STORE",
        "ONLINE"
      ],
      "saleType": "UNITS",
      "restrictedFlag": false,
      "liquorFlag": false,
      "tobaccoFlag": false,
      "originRegulated": false,
      "singlePrice": {
        "price": 479,
        "promoId": "128785553",
        "comparativePrice": {
          "pricePerUnit": 240,
          "unitQuantity": 100,
          "unitQuantityUom": "g",
          "measureDescription": "100g"
        }
      },
      "promotions": [
        {
          "promoId": "128785553",
          "rewardValue": 479,
          "decal": "6000",
          "sapType": "BASE",
          "rewardType": "NEW_PRICE",
          "threshold": 1,
          "limit": 0,
          "multiProducts": false,
          "cardDependencyFlag": false,
          "bestPromotion": true,
          "comparativePrice": {
            "pricePerUnit": 240,
            "unitQuantity": 100,
            "unitQuantityUom": "g",
            "measureDescription": "100g"
          }
        }
      ],
      "categoryTrees": [
        {
          "level0": "Pets",
          "level1": "Pet Supplies",
          "level2": "Dog Treats"
        }
      ],
      "cateredFlag": false
    },
    {
      "productId": "5272842-EA-000",
      "brand": "Chef",
      "name": "Chicken & Fish Cat Food",
      "displayName": "2kg",
      "availability": [
        "IN_STORE",
        "ONLINE"
      ],
      "saleType": "UNITS",
      "restrictedFlag": false,
      "liquorFlag": false,
      "tobaccoFlag": false,
      "originRegulated": false,
      "singlePrice": {
        "price": 1829,
        "comparativePrice": {
          "pricePerUnit": 91,
          "unitQuantity": 100,
          "unitQuantityUom": "g",
          "measureDescription": "100g"
        }
      },
      "facets": [
        {
          "itemCode": "00020012",
          "itemDescription": "Non-GMO"
        }
      ],
      "categoryTrees": [
        {
          "level0": "Pets",
          "level1": "Pet Supplies",
          "level2": "Cat Food"
        }
      ],
      "cateredFlag": false
    },
    {
      "productId": "5271234-EA-000",
      "brand": "Farmers Market",
      "name": "Real Tuna In Mousse Kitten Food",
      "displayName": "80g",
      "availability": [
        "IN_STORE",
        "ONLINE"
      ],
      "saleType": "UNITS",
      "restrictedFlag": false,
      "liquorFlag": false,
      "tobaccoFlag": false,
      "originRegulated": false,
      "singlePrice": {
        "price": 209,
        "promoId": "128929183",
        "comparativePrice": {
          "pricePerUnit": 261,
          "unitQuantity": 100,
          "unitQuantityUom": "g",
          "measureDescription": "100g"
        }
      },
      "promotions": [
        {
          "promoId": "128785573",
          "rewardValue": 819,
          "decal": "6000",
          "sapType": "LAYERED",
          "rewardType": "NEW_PRICE",
          "threshold": 4,
          "multiProducts": false,
          "cardDependencyFlag": false,
          "bestPromotion": true,
          "comparativePrice": {
            "pricePerUnit": 256,
            "unitQuantity": 100,
            "unitQuantityUom": "g",
            "measureDescription": "100g"
          }
        }
      ],
      "categoryTrees": [
        {
          "level0": "Pets",
          "level1": "Pet Supplies",
          "level2": "Cat Food"
        }
      ],
      "cateredFlag": false
    },
    {
      "productId": "5036655-EA-000",
      "brand": "VitaPet",
      "name": "Morsomes Chicken Biscuits Dog Treats",
      "displayName": "350g",
      "availability": [
        "IN_STORE",
        "ONLINE"
      ],
      "saleType": "UNITS",
      "restrictedFlag": false,
      "liquorFlag": false,
      "tobaccoFlag": false,
      "originRegulated": false,
      "singlePrice": {
        "price": 1399,
        "promoId": "128943293",
        "comparativePrice": {
          "pricePerUnit": 400,
          "unitQuantity": 100,
          "unitQuantityUom": "g",
          "measureDescription": "100g"
        }
      },
      "promotions": [
        {
          "promoId": "128943293",
          "rewardValue": 1399,
          "decal": "6000",
          "sapType": "BASE",
          "rewardType": "NEW_PRICE",
          "threshold": 1,
          "limit": 0,
          "multiProducts": false,
          "cardDependencyFlag": false,
          "bestPromotion": true,
          "comparativePrice": {
            "pricePerUnit": 400,
            "unitQuantity": 100,
            "unitQuantityUom": "g",
            "measureDescription": "100g"
          }
        }
      ],
      "categoryTrees": [
        {
          "level0": "Pets",
          "level1": "Pet Supplies",
          "level2": "Dog Treats"
        }
      ],
      "cateredFlag": false
    }
  ],
  "algoliaSearchResult": {
    "facets": {
      "brand": {
        "VitaPet": 48,
        "Whiskas": 37,
        "Dine": 30,
        "Purina Fancy Feast": 26,
        "Chef": 23,
        "Fussy Cat": 19,
        "Temptations": 16,
        "Pedigree": 15,
        "Purina ONE": 15,
        "Jimbo's": 14,
        "Pams": 13,
        "My Dog": 12,
        "Purina Oscar": 12,
        "Value": 11,
        "Purina TUX": 10,
        "Schmackos": 10,
        "Purina Friskies": 9,
        "Farmers Market": 7,
        "IAMS": 6,
        "Perfect": 6,
        "Butch": 5,
        "Natures Goodness": 5,
        "Superior": 5,
        "Love'em": 4,
        "Nature's Gift": 4,
        "Animals Like Us": 3,
        "Optimum": 3,
        "Purina": 3,
        "V.I.P Petfoods": 3,
        "Vamoose": 3,
        "Love Em": 2,
        "Possyum": 2,
        "Purina Cat Chow": 2,
        "Wag": 2,
        "Champ": 1,
        "Ecopack": 1,
        "Fackelmann": 1,
        "Hound Log": 1,
        "Purina Kitten Chow": 1,
        "Ranchmans": 1,
        "Tasti": 1
      },
      "category1NI": {
        "Pet Supplies": 392,
        "Pams": 2
      },
      "onPromotion": {
        "90082979-fb9f-4305-9c72-83274fc438cc": 157,
        "61dd754e-8525-4b9e-9e08-173389eea8a8": 146,
        "b29a98bd-749c-489c-9eef-6aa38e66a29b": 145,
        "be4c4780-218e-425a-a90f-63e21773572b": 144,
        "c180a72d-5dbe-4403-b7c7-91655e505492": 143,
        "c3f9e1a3-fc34-452d-af2e-95349e666ba4": 143,
        "3c5e3145-0767-4066-9349-6c0a1313acc5": 142,
        "5cf0392f-c187-4fc4-a463-eb269d2e8f45": 142,
        "2ed73be8-936d-4f35-9398-75a707f40a7b": 139,
        "21ecaaed-0749-4492-985e-4bb7ba43d59c": 138,
        "dbca5e00-f7f9-43ae-91de-031ad16f8a92": 135,
        "4a279605-eaa8-470d-bcd4-0a9e3c9ab43b": 132,
        "3404c253-577f-45ca-b301-c98312e46efb": 131,
        "715f0e22-95e0-45ce-af3a-07057209976e": 131,
        "8cd700ae-d96f-4761-bd7a-805d6b93536d": 130,
        "d8032da3-c1b9-456e-b626-41ce21f8c67b": 129,
        "3bb30799-82ce-4648-8c02-5113228963ed": 126,
        "c2204dae-579e-4b6b-9d42-2e13ceaa6031": 122,
        "64eab5b1-8d79-45f4-94f1-02b8cf8b6202": 120,
        "53989945-1a28-481d-a61c-d6f75f760ada": 117,
        "15e6f441-5c1c-4d25-b4ec-1adf918c49c7": 115,
        "8f0d70be-5cb7-464b-99cb-8b0130671895": 115,
        "92086ded-a55d-4241-a364-7d7ea91531b4": 114,
        "6e6809dd-01bc-45c9-aab1-f01ccd8338b0": 111,
        "d6d39eea-889d-4e20-923c-55cab225cf7f": 109,
        "65defcf2-bc15-490e-a84f-1f13b769cd22": 107,
        "a7d09522-bee2-41e4-8fe0-0b82b7f342f5": 106,
        "b2e98a14-c8ca-401e-99ed-edf74570c6f6": 106,
        "1c388d5e-29ac-4956-b476-cb3431353d2e": 104,
        "e1925ea7-01bc-4358-ae7c-c6502da5ab12": 103,
        "01a114de-149c-4f5f-80a1-90cc63f69c6e": 99,
        "5f167936-79ae-4f6a-b9d2-74afe1bb096b": 97,
        "4fcc1c8e-cc5e-4675-ba25-5e56b579cf69": 95,
        "49037947-e450-49bf-ba1f-a94551c79a72": 92,
        "714431ab-6e39-4df6-ac77-cfc5c1e25bc8": 91,
        "6cda96e1-7d29-44a6-956b-3fcfdecc8184": 90,
        "48dd98cc-a757-4102-b15d-ea82b4b10571": 89,
        "b92cc33f-b5a8-4b57-9b82-412946800020": 89,
        "d1cd1fdd-8767-46a6-a8d3-c3e0632c2dc8": 87,
        "7d48a781-4f68-4c91-a908-8659e1b22f95": 84,
        "33d8d6fc-861a-45ff-9937-5ccdb55eaede": 82,
        "529d66cc-60e3-432e-b8d1-efc9f2ec4919": 81,
        "6c73764e-b8e6-4e55-ad37-f6a9d207da1f": 81,
        "60561e46-ece7-43a7-b142-9b14812586e4": 79,
        "3bfe040b-f0c9-45e0-949b-b9ad5a591d55": 71,
        "b83029b6-5dd5-449e-8056-26f3943a4e18": 66,
        "b39562a4-2b72-43fe-b9ba-eda1d651ad0b": 62,
        "076e8177-943b-41fc-a885-ba3d28297acf": 55,
        "3e82142c-78dc-46f3-82ec-28e65fcf84c9": 51,
        "98ec3885-ac93-4fcb-807b-59c9055c52c4": 51,
        "af385423-d0f1-41f0-9482-ffd10b745143": 45,
        "c0f80e87-16be-4488-9553-da437e8c6c2a": 45,
        "50b1216b-d066-4457-b88b-9bccf97bf6d3": 44,
        "94ef1985-cab1-4b39-a2f3-230120f03c16": 44,
        "9cd8eb60-3222-4efc-bd7c-50e03e6a81a4": 36
      },
      "productFacets": {
        "Non-GMO": 66,
        "Low Sugar": 13,
        "Gluten Free": 10,
        "Dairy Free": 9,
        "Low Salt": 4,
        "Cage Free": 3,
        "Low Fat": 3,
        "Free Range": 2
      }
    }
  },
  "totalHits": 392,
  "page": 2,
  "totalPages": 8,
  "hitsPerPage": 50
}
