{
  "tobaccoProducts": false,
  "products": [
    {
      "productId": "5304755-EA-000",
      "brand": "Pedigree",
      "name": "Dentastix Large Dog Daily Oral Care Dog Treats",
      "displayName": "56pk",
      "availability": [
        "IN_STORE",
        "ONLINE"
      ],
      "saleType": "UNITS",
      "restrictedFlag": false,
      "liquorFlag": false,
      "tobaccoFlag": false,
      "originRegulated": false,
      "singlePrice": {
        "price": 3499,
        "comparativePrice": {
          "pricePerUnit": 162,
          "unitQuantity": 100,
          "unitQuantityUom": "g",
          "measureDescription": "100g"
        }
      },
      "categoryTrees": [
        {
          "level0": "Pets",
          "level1": "Pet Supplies",
          "level2": "Dog Treats"
        }
      ],
      "cateredFlag": false
    },
    {
      "productId": "5302513-EA-000",
      "brand": "Purina Oscar",
      "name": "Oscar With Salmon in Jelly Pouch Wet Cat Food",
      "displayName": "85g",
      "availability": [
        "IN_STORE",
        "ONLINE"
      ],
      "saleType": "UNITS",
      "restrictedFlag": false,
      "liquorFlag": false,
      "tobaccoFlag": false,
      "originRegulated": false,
      "singlePrice": {
        "price": 119,
        "comparativePrice": {
          "pricePerUnit": 140,
          "unitQuantity": 100,
          "unitQuantityUom": "g",
          "measureDescription": "100g"
        }
      },
      "categoryTrees": [
        {
          "level0": "Pets",
          "level1": "Pet Supplies",
          "level2": "Cat Food"
        }
      ],
      "cateredFlag": false
    },
    {
      "productId": "5302512-EA-000",
      "brand": "Purina Oscar",
      "name": "Oscar With Chicken In Jelly Pouch Wet Cat Food",
      "displayName": "85g",
      "availability": [
        "IN_STORE",
        "ONLINE"
      ],
      "saleType": "UNITS",
      "restrictedFlag": false,
      "liquorFlag": false,
      "tobaccoFlag": false,
      "originRegulated": false,
      "singlePrice": {
        "price": 119,
        "comparativePrice": {
          "pricePerUnit": 140,
          "unitQuantity": 100,
          "unitQuantityUom": "g",
          "measureDescription": "100g"
        }
      },
      "categoryTrees": [
        {
          "level0": "Pets",
          "level1": "Pet Supplies",
          "level2": "Cat Food"
        }
      ],
      "cateredFlag": false
    },
    {
      "productId": "5302511-EA-000",
      "brand": "Purina Oscar",
      "name": "Oscar With Beef In Jelly Kitten Wet Cat Food",
      "displayName": "85g",
      "availability": [
        "IN_STORE",
        "ONLINE"
      ],
      "saleType": "UNITS",
      "restrictedFlag": false,
      "liquorFlag": false,
      "tobaccoFlag": false,
      "originRegulated": false,
      "singlePrice": {
        "price": 119,
        "comparativePrice": {
          "pricePerUnit": 140,
          "unitQuantity": 100,
          "unitQuantityUom": "g",
          "measureDescription": "100g"
        }
      },
      "categoryTrees": [
        {
          "level0": "Pets",
          "level1": "Pet Supplies",
          "level2": "Cat Food"
        }
      ],
      "cateredFlag": false
    },
    {
      "productId": "5302498-EA-000",
      "brand": "Purina Oscar",
      "name": "Oscar With Lamb In Jelly Pouch Wet Cat Food",
      "displayName": "85g",
      "availability": [
        "IN_STORE",
        "ONLINE"
      ],
      "saleType": "UNITS",
      "restrictedFlag": false,
      "liquorFlag": false,
      "tobaccoFlag": false,
      "originRegulated": false,
      "singlePrice": {
        "price": 119,
        "comparativePrice": {
          "pricePerUnit": 140,
          "unitQuantity": 100,
          "unitQuantityUom": "g",
          "measureDescription": "100g"
        }
      },
      "categoryTrees": [
        {
          "level0": "Pets",
          "level1": "Pet Supplies",
          "level2": "Cat Food"
        }
      ],
      "cateredFlag": false
    },
    {
      "productId": "5302009-EA-000",
      "brand": "Purina Oscar",
      "name": "Oscar Beef In Jelly Wet Cat Food",
      "displayName": "85g",
      "availability": [
        "IN_STORE",
        "ONLINE"
      ],
      "saleType": "UNITS",
      "restrictedFlag": false,
      "liquorFlag": false,
      "tobaccoFlag": false,
      "originRegulated": false,
      "singlePrice": {
        "price": 119,
        "comparativePrice": {
          "pricePerUnit": 140,
          "unitQuantity": 100,
          "unitQuantityUom": "g",
          "measureDescription": "100g"
        }
      },
      "categoryTrees": [
        {
          "level0": "Pets",
          "level1": "Pet Supplies",
          "level2": "Cat Food"
        }
      ],
      "cateredFlag": false
    },
    {
      "productId": "5301941-EA-000",
      "brand": "Perfect",
      "name": "Grain Free Chicken Dog Roll",
      "displayName": "800g",
      "availability": [
        "IN_STORE",
        "ONLINE"
      ],
      "saleType": "UNITS",
      "restrictedFlag": false,
      "liquorFlag": false,
      "tobaccoFlag": false,
      "originRegulated": false,
      "singlePrice": {
        "price": 549,
        "promoId": "128929531",
        "comparativePrice": {
          "pricePerUnit": 69,
          "unitQuantity": 100,
          "unitQuantityUom": "g",
          "measureDescription": "100g"
        }
      },
      "promotions": [
        {
          "promoId": "128929531",
          "rewardValue": 549,
          "decal": "6000",
          "sapType": "BASE",
          "rewardType": "NEW_PRICE",
          "threshold": 1,
          "limit": 0,
          "multiProducts": false,
          "cardDependencyFlag": false,
          "bestPromotion": true,
          "comparativePrice": {
            "pricePerUnit": 69,
            "unitQuantity": 100,
            "unitQuantityUom": "g",
            "measureDescription": "100g"
          }
        }
      ],
      "facets": [
        {
          "itemCode": "00020011",
          "itemDescription": "Low Sugar"
        },
        {
          "itemCode": "00020012",
          "itemDescription": "Non-GMO"
        },
        {
          "itemCode": "00020006",
          "itemDescription": "Cage Free"
        },
        {
          "itemCode": "00020004",
          "itemDescription": "Gluten Free"
        }
      ],
      "categoryTrees": [
        {
          "level0": "Pets",
          "level1": "Pet Supplies",
          "level2": "Dog Food"
        }
      ],
      "cateredFlag": false
    },
    {
      "productId": "5301854-EA-000",
      "brand": "Purina Oscar",
      "name": "Oscar Meat Menus Chicken Beef & Lamb Wet Cat Food",
      "displayName": "12 x 85g",
      "availability": [
        "IN_STORE",
        "ONLINE"
      ],
      "saleType": "UNITS",
      "restrictedFlag": false,
      "liquorFlag": false,
      "tobaccoFlag": false,
      "originRegulated": false,
      "singlePrice": {
        "price": 999,
        "promoId": "128954461",
        "comparativePrice": {
          "pricePerUnit": 98,
          "unitQuantity": 100,
          "unitQuantityUom": "g",
          "measureDescription": "100g"
        }
      },
      "promotions": [
        {
          "promoId": "128954461",
          "rewardValue": 999,
          "decal": "6000",
          "sapType": "BASE",
          "rewardType": "NEW_PRICE",
          "threshold": 1,
          "limit": 0,
          "multiProducts": false,
          "cardDependencyFlag": false,
          "bestPromotion": true,
          "comparativePrice": {
            "pricePerUnit": 98,
            "unitQuantity": 100,
            "unitQuantityUom": "g",
            "measureDescription": "100g"
          }
        }
      ],
      "categoryTrees": [
        {
          "level0": "Pets",
          "level1": "Pet Supplies",
          "level2": "Cat Food"
        }
      ],
      "cateredFlag": false
    },
    {
      "productId": "5301853-EA-000",
      "brand": "Purina Oscar",
      "name": "Oscar Favourite Selection Chicken Beef & Salmon Wet Cat Food",
      "displayName": "12 x 85g",
      "availability": [
        "IN_STORE",
        "ONLINE"
      ],
      "saleType": "UNITS",
      "restrictedFlag": false,
      "liquorFlag": false,
      "tobaccoFlag": false,
      "originRegulated": false,
      "singlePrice": {
        "price": 999,
        "promoId": "128954461",
        "comparativePrice": {
          "pricePerUnit": 98,
          "unitQuantity": 100,
          "unitQuantityUom": "g",
          "measureDescription": "100g"
        }
      },
      "promotions": [
        {
          "promoId": "128954461",
          "rewardValue": 999,
          "decal": "6000",
          "sapType": "BASE",
          "rewardType": "NEW_PRICE",
          "threshold": 1,
          "limit": 0,
          "multiProducts": false,
          "cardDependencyFlag": false,
          "bestPromotion": true,
          "comparativePrice": {
            "pricePerUnit": 98,
            "unitQuantity": 100,
            "unitQuantityUom": "g",
            "measureDescription": "100g"
          }
        }
      ],
      "categoryTrees": [
        {
          "level0": "Pets",
          "level1": "Pet Supplies",
          "level2": "Cat Food"
        }
      ],
      "cateredFlag": false
    },
    {
      "productId": "5301852-EA-000",
      "brand": "Purina Oscar",
      "name": "Oscar Kitten Menus Chicken Beef & Tuna Wet Cat Food",
      "displayName": "12 x 85g",
      "availability": [
        "IN_STORE",
        "ONLINE"
      ],
      "saleType": "UNITS",
      "restrictedFlag": false,
      "liquorFlag": false,
      "tobaccoFlag": false,
      "originRegulated": false,
      "singlePrice": {
        "price": 999,
        "promoId": "128954461",
        "comparativePrice": {
          "pricePerUnit": 98,
          "unitQuantity": 100,
          "unitQuantityUom": "g",
          "measureDescription": "100g"
        }
      },
      "promotions": [
        {
          "promoId": "128954461",
          "rewardValue": 999,
          "decal": "6000",
          "sapType": "BASE",
          "rewardType": "NEW_PRICE",
          "threshold": 1,
          "limit": 0,
          "multiProducts": false,
          "cardDependencyFlag": false,
          "bestPromotion": true,
          "comparativePrice": {
            "pricePerUnit": 98,
            "unitQuantity": 100,
            "unitQuantityUom": "g",
            "measureDescription": "100g"
          }
        }
      ],
      "categoryTrees": [
        {
          "level0": "Pets",
          "level1": "Pet Supplies",
          "level2": "Cat Food"
        }
      ],
      "cateredFlag": false
    },
    {
      "productId": "5301851-EA-000",
      "brand": "Purina Oscar",
      "name": "Oscar Ocean Menus In Jelly Pouch Wet Cat Food",
      "displayName": "12 x 85g",
      "availability": [
        "IN_STORE",
        "ONLINE"
      ],
      "saleType": "UNITS",
      "restrictedFlag": false,
      "liquorFlag": false,
      "tobaccoFlag": false,
      "originRegulated": false,
      "singlePrice": {
        "price": 999,
        "promoId": "128954461",
        "comparativePrice": {
          "pricePerUnit": 98,
          "unitQuantity": 100,
          "unitQuantityUom": "g",
          "measureDescription": "100g"
        }
      },
      "promotions": [
        {
          "promoId": "128954461",
          "rewardValue": 999,
          "decal": "6000",
          "sapType": "BASE",
          "rewardType": "NEW_PRICE",
          "threshold": 1,
          "limit": 0,
          "multiProducts": false,
          "cardDependencyFlag": false,
          "bestPromotion": true,
          "comparativePrice": {
            "pricePerUnit": 98,
            "unitQuantity": 100,
            "unitQuantityUom": "g",
            "measureDescription": "100g"
          }
        }
      ],
      "categoryTrees": [
        {
          "level0": "Pets",
          "level1": "Pet Supplies",
          "level2": "Cat Food"
        }
      ],
      "cateredFlag": false
    },
    {
      "productId": "5300035-EA-000",
      "brand": "Purina Friskies",
      "name": "Surfin' & Turfin' Favourites Adult Dry Cat Food",
      "displayName": "2.5kg",
      "availability": [
        "IN_STORE",
        "ONLINE"
      ],
      "saleType": "UNITS",
      "restrictedFlag": false,
      "liquorFlag": false,
      "tobaccoFlag": false,
      "originRegulated": false,
      "singlePrice": {
        "price": 1999,
        "promoId": "128954454",
        "comparativePrice": {
          "pricePerUnit": 80,
          "unitQuantity": 100,
          "unitQuantityUom": "g",
          "measureDescription": "100g"
        }
      },
      "promotions": [
        {
          "promoId": "128954454",
          "rewardValue": 1999,
          "decal": "6000",
          "sapType": "BASE",
          "rewardType": "NEW_PRICE",
          "threshold": 1,
          "limit": 0,
          "multiProducts": false,
          "cardDependencyFlag": false,
          "bestPromotion": true,
          "comparativePrice": {
            "pricePerUnit": 80,
            "unitQuantity": 100,
            "unitQuantityUom": "g",
            "measureDescription": "100g"
          }
        }
      ],
      "categoryTrees": [
        {
          "level0": "Pets",
          "level1": "Pet Supplies",
          "level2": "Cat Food"
        }
      ],
      "cateredFlag": false
    },
    {
      "productId": "5300032-EA-000",
      "brand": "Purina Friskies",
      "name": "Meaty Grills Adult Dry Cat Food",
      "displayName": "480g",
      "availability": [
        "IN_STORE",
        "ONLINE"
      ],
      "saleType": "UNITS",
      "restrictedFlag": false,
      "liquorFlag": false,
      "tobaccoFlag": false,
      "originRegulated": false,
      "singlePrice": {
        "price": 599,
        "promoId": "128954462",
        "comparativePrice": {
          "pricePerUnit": 125,
          "unitQuantity": 100,
          "unitQuantityUom": "g",
          "measureDescription": "100g"
        }
      },
      "promotions": [
        {
          "promoId": "128954462",
          "rewardValue": 599,
          "decal": "6000",
          "sapType": "BASE",
          "rewardType": "NEW_PRICE",
          "threshold": 1,
          "limit": 0,
          "multiProducts": false,
          "cardDependencyFlag": false,
          "bestPromotion": true,
          "comparativePrice": {
            "pricePerUnit": 125,
            "unitQuantity": 100,
            "unitQuantityUom": "g",
            "measureDescription": "100g"
          }
        }
      ],
      "categoryTrees": [
        {
          "level0": "Pets",
          "level1": "Pet Supplies",
          "level2": "Cat Food"
        }
      ],
      "cateredFlag": false
    },
    {
      "productId": "5300029-EA-000",
      "brand": "Purina Friskies",
      "name": "Seafood Sensations Adult Dry Cat Food",
      "displayName": "1kg",
      "availability": [
        "IN_STORE",
        "ONLINE"
      ],
      "saleType": "UNITS",
      "restrictedFlag": false,
      "liquorFlag": false,
      "tobaccoFlag": false,
      "originRegulated": false,
      "singlePrice": {
        "price": 1039,
        "comparativePrice": {
          "pricePerUnit": 104,
          "unitQuantity": 100,
          "unitQuantityUom": "g",
          "measureDescription": "100g"
        }
      },
      "categoryTrees": [
        {
          "level0": "Pets",
          "level1": "Pet Supplies",
          "level2": "Cat Food"
        }
      ],
      "cateredFlag": false
    },
    {
      "productId": "5300028-EA-000",
      "brand": "Purina Friskies",
      "name": "7 Favourites Adult Dry Cat Food",
      "displayName": "1kg",
      "availability": [
        "IN_STORE",
        "ONLINE"
      ],
      "saleType": "UNITS",
      "restrictedFlag": false,
      "liquorFlag": false,
      "tobaccoFlag": false,
      "originRegulated": false,
      "singlePrice": {
        "price": 1039,
        "comparativePrice": {
          "pricePerUnit": 104,
          "unitQuantity": 100,
          "unitQuantityUom": "g",
          "measureDescription": "100g"
        }
      },
      "categoryTrees": [
        {
          "level0": "Pets",
          "level1": "Pet Supplies",
          "level2": "Cat Food"
        }
      ],
      "cateredFlag": false
    },
    {
      "productId": "5300027-EA-000",
      "brand": "Purina Friskies",
      "name": "Seven Flavours Cat Biscuits",
      "displayName": "480g",
      "availability": [
        "IN_STORE",
        "ONLINE"
      ],
      "saleType": "UNITS",
      "restrictedFlag": false,
      "liquorFlag": false,
      "tobaccoFlag": false,
      "originRegulated": false,
      "singlePrice": {
        "price": 599,
        "promoId": "128954462",
        "comparativePrice": {
          "pricePerUnit": 125,
          "unitQuantity": 100,
          "unitQuantityUom": "g",
          "measureDescription": "100g"
        }
      },
      "promotions": [
        {
          "promoId": "128954462",
          "rewardValue": 599,
          "decal": "6000",
          "sapType": "BASE",
          "rewardType": "NEW_PRICE",
          "threshold": 1,
          "limit": 0,
          "multiProducts": false,
          "cardDependencyFlag": false,
          "bestPromotion": true,
          "comparativePrice": {
            "pricePerUnit": 125,
            "unitQuantity": 100,
            "unitQuantityUom": "g",
            "measureDescription": "100g"
          }
        }
      ],
      "categoryTrees": [
        {
          "level0": "Pets",
          "level1": "Pet Supplies",
          "level2": "Cat Food"
        }
      ],
      "cateredFlag": false
    },
    {
      "productId": "5300026-EA-000",
      "brand": "Purina Friskies",
      "name": "Meaty Grills Adult Dry Cat Food",
      "displayName": "1kg",
      "availability": [
        "IN_STORE",
        "ONLINE"
      ],
      "saleType": "UNITS",
      "restrictedFlag": false,
      "liquorFlag": false,
      "tobaccoFlag": false,
      "originRegulated": false,
      "singlePrice": {
        "price": 1039,
        "comparativePrice": {
          "pricePerUnit": 104,
          "unitQuantity": 100,
          "unitQuantityUom": "g",
          "measureDescription": "100g"
        }
      },
      "categoryTrees": [
        {
          "level0": "Pets",
          "level1": "Pet Supplies",
          "level2": "Cat Food"
        }
      ],
      "cateredFlag": false
    },
    {
      "productId": "5299763-EA-000",
      "brand": "Purina ONE",
      "name": "Coat & Hairball With Chicken Adult Dry Cat Food",
      "displayName": "1.4kg",
      "availability": [
        "IN_STORE",
        "ONLINE"
      ],
      "saleType": "UNITS",
      "restrictedFlag": false,
      "liquorFlag": false,
      "tobaccoFlag": false,
      "originRegulated": false,
      "singlePrice": {
        "price": 1999,
        "promoId": "128992240",
        "comparativePrice": {
          "pricePerUnit": 143,
          "unitQuantity": 100,
          "unitQuantityUom": "g",
          "measureDescription": "100g"
        }
      },
      "promotions": [
        {
          "promoId": "128992240",
          "rewardValue": 1999,
          "decal": "6000",
          "sapType": "BASE",
          "rewardType": "NEW_PRICE",
          "threshold": 1,
          "limit": 0,
          "multiProducts": false,
          "cardDependencyFlag": false,
          "bestPromotion": true,
          "comparativePrice": {
            "pricePerUnit": 143,
            "unitQuantity": 100,
            "unitQuantityUom": "g",
            "measureDescription": "100g"
          }
        }
      ],
      "categoryTrees": [
        {
          "level0": "Pets",
          "level1": "Pet Supplies",
          "level2": "Cat Food"
        }
      ],
      "cateredFlag": false
    },
    {
      "productId": "5299762-EA-000",
      "brand": "Purina ONE",
      "name": "Healthy Adult With Chicken Dry Cat Food",
      "displayName": "1.5kg",
      "availability": [
        "IN_STORE",
        "ONLINE"
      ],
      "saleType": "UNITS",
      "restrictedFlag": false,
      "liquorFlag": false,
      "tobaccoFlag": false,
      "originRegulated": false,
      "singlePrice": {
        "price": 1999,
        "promoId": "128992240",
        "comparativePrice": {
          "pricePerUnit": 133,
          "unitQuantity": 100,
          "unitQuantityUom": "g",
          "measureDescription": "100g"
        }
      },
      "promotions": [
        {
          "promoId": "128992240",
          "rewardValue": 1999,
          "decal": "6000",
          "sapType": "BASE",
          "rewardType": "NEW_PRICE",
          "threshold": 1,
          "limit": 0,
          "multiProducts": false,
          "cardDependencyFlag": false,
          "bestPromotion": true,
          "comparativePrice": {
            "pricePerUnit": 133,
            "unitQuantity": 100,
            "unitQuantityUom": "g",
            "measureDescription": "100g"
          }
        }
      ],
      "categoryTrees": [
        {
          "level0": "Pets",
          "level1": "Pet Supplies",
          "level2": "Cat Food"
        }
      ],
      "cateredFlag": false
    },
    {
      "productId": "5299761-EA-000",
      "brand": "Purina ONE",
      "name": "Healthy Adult With Salmon & Tuna Dry Cat Food",
      "displayName": "1.5kg",
      "availability": [
        "IN_STORE",
        "ONLINE"
      ],
      "saleType": "UNITS",
      "restrictedFlag": false,
      "liquorFlag": false,
      "tobaccoFlag": false,
      "originRegulated": false,
      "singlePrice": {
        "price": 1999,
        "promoId": "128992240",
        "comparativePrice": {
          "pricePerUnit": 133,
          "unitQuantity": 100,
          "unitQuantityUom": "g",
          "measureDescription": "100g"
        }
      },
      "promotions": [
        {
          "promoId": "128992240",
          "rewardValue": 1999,
          "decal": "6000",
          "sapType": "BASE",
          "rewardType": "NEW_PRICE",
          "threshold": 1,
          "limit": 0,
          "multiProducts": false,
          "cardDependencyFlag": false,
          "bestPromotion": true,
          "comparativePrice": {
            "pricePerUnit": 133,
            "unitQuantity": 100,
            "unitQuantityUom": "g",
            "measureDescription": "100g"
          }
        }
      ],
      "categoryTrees": [
        {
          "level0": "Pets",
          "level1": "Pet Supplies",
          "level2": "Cat Food"
        }
      ],
      "cateredFlag": false
    },
    {
      "productId": "5299756-EA-000",
      "brand": "Purina ONE",
      "name": "Healthy Kitten With Chicken Dry Cat Food",
      "displayName": "1.4kg",
      "availability": [
        "IN_STORE",
        "ONLINE"
      ],
      "saleType": "UNITS",
      "restrictedFlag": false,
      "liquorFlag": false,
      "tobaccoFlag": false,
      "originRegulated": false,
      "singlePrice": {
        "price": 1999,
        "promoId": "128992240",
        "comparativePrice": {
          "pricePerUnit": 143,
          "unitQuantity": 100,
          "unitQuantityUom": "g",
          "measureDescription": "100g"
        }
      },
      "promotions": [
        {
          "promoId": "128992240",
          "rewardValue": 1999,
          "decal": "6000",
          "sapType": "BASE",
          "rewardType": "NEW_PRICE",
          "threshold": 1,
          "limit": 0,
          "multiProducts": false,
          "cardDependencyFlag": false,
          "bestPromotion": true,
          "comparativePrice": {
            "pricePerUnit": 143,
            "unitQuantity": 100,
            "unitQuantityUom": "g",
            "measureDescription": "100g"
          }
        }
      ],
      "categoryTrees": [
        {
          "level0": "Pets",
          "level1": "Pet Supplies",
          "level2": "Cat Food"
        }
      ],
      "cateredFlag": false
    },
    {
      "productId": "5299751-EA-000",
      "brand": "Purina ONE",
      "name": "Mature Adult With Chicken Dry Cat Food",
      "displayName": "1.4kg",
      "availability": [
        "IN_STORE",
        "ONLINE"
      ],
      "saleType": "UNITS",
      "restrictedFlag": false,
      "liquorFlag": false,
      "tobaccoFlag": false,
      "originRegulated": false,
      "singlePrice": {
        "price": 1999,
        "promoId": "128992240",
        "comparativePrice": {
          "pricePerUnit": 143,
          "unitQuantity": 100,
          "unitQuantityUom": "g",
          "measureDescription": "100g"
        }
      },
      "promotions": [
        {
          "promoId": "128992240",
          "rewardValue": 1999,
          "decal": "6000",
          "sapType": "BASE",
          "rewardType": "NEW_PRICE",
          "threshold": 1,
          "limit": 0,
          "multiProducts": false,
          "cardDependencyFlag": false,
          "bestPromotion": true,
          "comparativePrice": {
            "pricePerUnit": 143,
            "unitQuantity": 100,
            "unitQuantityUom": "g",
            "measureDescription": "100g"
          }
        }
      ],
      "categoryTrees": [
        {
          "level0": "Pets",
          "level1": "Pet Supplies",
          "level2": "Cat Food"
        }
      ],
      "cateredFlag": false
    },
    {
      "productId": "5299163-EA-000",
      "brand": "Purina",
      "name": "Adventuros Venison Small Chew Dog Treats",
      "displayName": "150g",
      "availability": [
        "IN_STORE",
        "ONLINE"
      ],
      "saleType": "UNITS",
      "restrictedFlag": false,
      "liquorFlag": false,
      "tobaccoFlag": false,
      "originRegulated": false,
      "singlePrice": {
        "price": 629,
        "comparativePrice": {
          "pricePerUnit": 419,
          "unitQuantity": 100,
          "unitQuantityUom": "g",
          "measureDescription": "100g"
        }
      },
      "facets": [
        {
          "itemCode": "00020011",
          "itemDescription": "Low Sugar"
        }
      ],
      "categoryTrees": [
        {
          "level0": "Pets",
          "level1": "Pet Supplies",
          "level2": "Dog Treats"
        }
      ],
      "cateredFlag": false
    },
    {
      "productId": "5299162-EA-000",
      "brand": "Purina",
      "name": "Adventuros Venison Medium Chew Dog Treats",
      "displayName": "200g",
      "availability": [
        "IN_STORE",
        "ONLINE"
      ],
      "saleType": "UNITS",
      "restrictedFlag": false,
      "liquorFlag": false,
      "tobaccoFlag": false,
      "originRegulated": false,
      "singlePrice": {
        "price": 609,
        "comparativePrice": {
          "pricePerUnit": 305,
          "unitQuantity": 100,
          "unitQuantityUom": "g",
          "measureDescription": "100g"
        }
      },
      "facets": [
        {
          "itemCode": "00020011",
          "itemDescription": "Low Sugar"
        }
      ],
      "categoryTrees": [
        {
          "level0": "Pets",
          "level1": "Pet Supplies",
          "level2": "Dog Treats"
        }
      ],
      "cateredFlag": false
    },
    {
      "productId": "5299161-EA-000",
      "brand": "Purina",
      "name": "Adventuros Venison Large Chew Dog Treat",
      "displayName": "200g",
      "availability": [
        "IN_STORE",
        "ONLINE"
      ],
      "saleType": "UNITS",
      "restrictedFlag": false,
      "liquorFlag": false,
      "tobaccoFlag": false,
      "originRegulated": false,
      "singlePrice": {
        "price": 609,
        "comparativePrice": {
          "pricePerUnit": 305,
          "unitQuantity": 100,
          "unitQuantityUom": "g",
          "measureDescription": "100g"
        }
      },
      "facets": [
        {
          "itemCode": "00020011",
          "itemDescription": "Low Sugar"
        }
      ],
      "categoryTrees": [
        {
          "level0": "Pets",
          "level1": "Pet Supplies",
          "level2": "Dog Treats"
        }
      ],
      "cateredFlag": false
    },
    {
      "productId": "5298830-EA-000",
      "brand": "VitaPet",
      "name": "Chewz Chicken Chewin' Curls Rawhide Alternative Dog Treats",
      "displayName": "6pk",
      "availability": [
        "IN_STORE",
        "ONLINE"
      ],
      "saleType": "UNITS",
      "restrictedFlag": false,
      "liquorFlag": false,
      "tobaccoFlag": false,
      "originRegulated": false,
      "singlePrice": {
        "price": 699,
        "comparativePrice": {
          "pricePerUnit": 117,
          "unitQuantity": 1,
          "unitQuantityUom": "ea",
          "measureDescription": "ea"
        }
      },
      "categoryTrees": [
        {
          "level0": "Pets",
          "level1": "Pet Supplies",
          "level2": "Dog Treats"
        }
      ],
      "cateredFlag": false
    },
    {
      "productId": "5297824-EA-000",
      "brand": "Purina Friskies",
      "name": "Meaty Grills Adult Dry Cat Food",
      "displayName": "2.5kg",
      "availability": [
        "IN_STORE",
        "ONLINE"
      ],
      "saleType": "UNITS",
      "restrictedFlag": false,
      "liquorFlag": false,
      "tobaccoFlag": false,
      "originRegulated": false,
      "singlePrice": {
        "price": 1999,
        "promoId": "128954454",
        "comparativePrice": {
          "pricePerUnit": 80,
          "unitQuantity": 100,
          "unitQuantityUom": "g",
          "measureDescription": "100g"
        }
      },
      "promotions": [
        {
          "promoId": "128954454",
          "rewardValue": 1999,
          "decal": "6000",
          "sapType": "BASE",
          "rewardType": "NEW_PRICE",
          "threshold": 1,
          "limit": 0,
          "multiProducts": false,
          "cardDependencyFlag": false,
          "bestPromotion": true,
          "comparativePrice": {
            "pricePerUnit": 80,
            "unitQuantity": 100,
            "unitQuantityUom": "g",
            "measureDescription": "100g"
          }
        }
      ],
      "categoryTrees": [
        {
          "level0": "Pets",
          "level1": "Pet Supplies",
          "level2": "Cat Food"
        }
      ],
      "cateredFlag": false
    },
    {
      "productId": "5297823-EA-000",
      "brand": "Purina Friskies",
      "name": "7 Favourites Adult Dry Cat Food",
      "displayName": "2.5kg",
      "availability": [
        "IN_STORE",
        "ONLINE"
      ],
      "saleType": "UNITS",
      "restrictedFlag": false,
      "liquorFlag": false,
      "tobaccoFlag": false,
      "originRegulated": false,
      "singlePrice": {
        "price": 1999,
        "promoId": "128954454",
        "comparativePrice": {
          "pricePerUnit": 80,
          "unitQuantity": 100,
          "unitQuantityUom": "g",
          "measureDescription": "100g"
        }
      },
      "promotions": [
        {
          "promoId": "128954454",
          "rewardValue": 1999,
          "decal": "6000",
          "sapType": "BASE",
          "rewardType": "NEW_PRICE",
          "threshold": 1,
          "limit": 0,
          "multiProducts": false,
          "cardDependencyFlag": false,
          "bestPromotion": true,
          "comparativePrice": {
            "pricePerUnit": 80,
            "unitQuantity": 100,
            "unitQuantityUom": "g",
            "measureDescription": "100g"
          }
        }
      ],
      "categoryTrees": [
        {
          "level0": "Pets",
          "level1": "Pet Supplies",
          "level2": "Cat Food"
        }
      ],
      "cateredFlag": false
    },
    {
      "productId": "5295727-EA-000",
      "brand": "Fussy Cat",
      "name": "Grainfree Chicken & Oceanfish Indoor Premium Adult Cat Food",
      "displayName": "500g",
      "availability": [
        "IN_STORE",
        "ONLINE"
      ],
      "saleType": "UNITS",
      "restrictedFlag": false,
      "liquorFlag": false,
      "tobaccoFlag": false,
      "originRegulated": false,
      "singlePrice": {
        "price": 659,
        "promoId": "128785569",
        "comparativePrice": {
          "pricePerUnit": 132,
          "unitQuantity": 100,
          "unitQuantityUom": "g",
          "measureDescription": "100g"
        }
      },
      "promotions": [
        {
          "promoId": "128785569",
          "rewardValue": 659,
          "decal": "6000",
          "sapType": "BASE",
          "rewardType": "NEW_PRICE",
          "threshold": 1,
          "limit": 0,
          "multiProducts": false,
          "cardDependencyFlag": false,
          "bestPromotion": true,
          "comparativePrice": {
            "pricePerUnit": 132,
            "unitQuantity": 100,
            "unitQuantityUom": "g",
            "measureDescription": "100g"
          }
        }
      ],
      "categoryTrees": [
        {
          "level0": "Pets",
          "level1": "Pet Supplies",
          "level2": "Cat Food"
        }
      ],
      "cateredFlag": false
    },
    {
      "productId": "5290912-EA-000",
      "brand": "Pedigree",
      "name": "High Protein Beef & Lamb Dry Dog Food",
      "displayName": "2.5kg",
      "availability": [
        "IN_STORE",
        "ONLINE"
      ],
      "saleType": "UNITS",
      "restrictedFlag": false,
      "liquorFlag": false,
      "tobaccoFlag": false,
      "originRegulated": false,
      "singlePrice": {
        "price": 1899,
        "promoId": "128891404",
        "comparativePrice": {
          "pricePerUnit": 76,
          "unitQuantity": 100,
          "unitQuantityUom": "g",
          "measureDescription": "100g"
        }
      },
      "promotions": [
        {
          "promoId": "128891404",
          "rewardValue": 1899,
          "decal": "7000",
          "sapType": "BASE",
          "rewardType": "NEW_PRICE",
          "threshold": 1,
          "limit": 0,
          "multiProducts": false,
          "cardDependencyFlag": false,
          "bestPromotion": true,
          "comparativePrice": {
            "pricePerUnit": 76,
            "unitQuantity": 100,
            "unitQuantityUom": "g",
            "measureDescription": "100g"
          }
        }
      ],
      "categoryTrees": [
        {
          "level0": "Pets",
          "level1": "Pet Supplies",
          "level2": "Dog Food"
        }
      ],
      "cateredFlag": false
    },
    {
      "productId": "5289587-EA-000",
      "brand": "Pams",
      "name": "Mince With Tuna & Sardine In Gravy Cat Food",
      "displayName": "700g",
      "availability": [
        "IN_STORE",
        "ONLINE"
      ],
      "saleType": "UNITS",
      "restrictedFlag": false,
      "liquorFlag": false,
      "tobaccoFlag": false,
      "originRegulated": false,
      "singlePrice": {
        "price": 279,
        "comparativePrice": {
          "pricePerUnit": 40,
          "unitQuantity": 100,
          "unitQuantityUom": "g",
          "measureDescription": "100g"
        }
      },
      "facets": [
        {
          "itemCode": "00020012",
          "itemDescription": "Non-GMO"
        },
        {
          "itemCode": "00020007",
          "itemDescription": "Dairy Free"
        }
      ],
      "categoryTrees": [
        {
          "level0": "Pets",
          "level1": "Pet Supplies",
          "level2": "Cat Food"
        }
      ],
      "cateredFlag": false
    },
    {
      "productId": "5289586-EA-000",
      "brand": "Pams",
      "name": "Mince With Lamb In Gravy Cat Food",
      "displayName": "700g",
      "availability": [
        "IN_STORE",
        "ONLINE"
      ],
      "saleType": "UNITS",
      "restrictedFlag": false,
      "liquorFlag": false,
      "tobaccoFlag": false,
      "originRegulated": false,
      "singlePrice": {
        "price": 279,
        "comparativePrice": {
          "pricePerUnit": 40,
          "unitQuantity": 100,
          "unitQuantityUom": "g",
          "measureDescription": "100g"
        }
      },
      "facets": [
        {
          "itemCode": "00020007",
          "itemDescription": "Dairy Free"
        },
        {
          "itemCode": "00020012",
          "itemDescription": "Non-GMO"
        }
      ],
      "categoryTrees": [
        {
          "level0": "Pets",
          "level1": "Pet Supplies",
          "level2": "Cat Food"
        }
      ],
      "cateredFlag": false
    },
    {
      "productId": "5289585-EA-000",
      "brand": "Pams",
      "name": "Mince With Beef In Gravy Cat Food",
      "displayName": "700g",
      "availability": [
        "IN_STORE",
        "ONLINE"
      ],
      "saleType": "UNITS",
      "restrictedFlag": false,
      "liquorFlag": false,
      "tobaccoFlag": false,
      "originRegulated": false,
      "singlePrice": {
        "price": 279,
        "comparativePrice": {
          "pricePerUnit": 40,
          "unitQuantity": 100,
          "unitQuantityUom": "g",
          "measureDescription": "100g"
        }
      },
      "facets": [
        {
          "itemCode": "00020007",
          "itemDescription": "Dairy Free"
        },
        {
          "itemCode": "00020012",
          "itemDescription": "Non-GMO"
        }
      ],
      "categoryTrees": [
        {
          "level0": "Pets",
          "level1": "Pet Supplies",
          "level2": "Cat Food"
        }
      ],
      "cateredFlag": false
    },
    {
      "productId": "5289584-EA-000",
      "brand": "Pams",
      "name": "Mince With Chicken In Gravy Cat Food",
      "displayName": "700g",
      "availability": [
        "IN_STORE",
        "ONLINE"
      ],
      "saleType": "UNITS",
      "restrictedFlag": false,
      "liquorFlag": false,
      "tobaccoFlag": false,
      "originRegulated": false,
      "singlePrice": {
        "price": 279,
        "comparativePrice": {
          "pricePerUnit": 40,
          "unitQuantity": 100,
          "unitQuantityUom": "g",
          "measureDescription": "100g"
        }
      },
      "facets": [
        {
          "itemCode": "00020012",
          "itemDescription": "Non-GMO"
        },
        {
          "itemCode": "00020007",
          "itemDescription": "Dairy Free"
        }
      ],
      "categoryTrees": [
        {
          "level0": "Pets",
          "level1": "Pet Supplies",
          "level2": "Cat Food"
        }
      ],
      "cateredFlag": false
    },
    {
      "productId": "5289583-EA-000",
      "brand": "Pams",
      "name": "Casserole With Turkey Flavour Vegetables & Pasta Dog Food",
      "displayName": "1.2kg",
      "availability": [
        "IN_STORE",
        "ONLINE"
      ],
      "saleType": "UNITS",
      "restrictedFlag": false,
      "liquorFlag": false,
      "tobaccoFlag": false,
      "originRegulated": false,
      "singlePrice": {
        "price": 439,
        "comparativePrice": {
          "pricePerUnit": 37,
          "unitQuantity": 100,
          "unitQuantityUom": "g",
          "measureDescription": "100g"
        }
      },
      "facets": [
        {
          "itemCode": "00020012",
          "itemDescription": "Non-GMO"
        },
        {
          "itemCode": "00020007",
          "itemDescription": "Dairy Free"
        }
      ],
      "categoryTrees": [
        {
          "level0": "Pets",
          "level1": "Pet Supplies",
          "level2": "Dog Food"
        }
      ],
      "cateredFlag": false
    },
    {
      "productId": "5289582-EA-000",
      "brand": "Pams",
      "name": "Casserole With Lamb Vegetables & Pasta Dog Food",
      "displayName": "1.2kg",
      "availability": [
        "IN_STORE",
        "ONLINE"
      ],
      "saleType": "UNITS",
      "restrictedFlag": false,
      "liquorFlag": false,
      "tobaccoFlag": false,
      "originRegulated": false,
      "singlePrice": {
        "price": 439,
        "comparativePrice": {
          "pricePerUnit": 37,
          "unitQuantity": 100,
          "unitQuantityUom": "g",
          "measureDescription": "100g"
        }
      },
      "facets": [
        {
          "itemCode": "00020012",
          "itemDescription": "Non-GMO"
        },
        {
          "itemCode": "00020007",
          "itemDescription": "Dairy Free"
        }
      ],
      "categoryTrees": [
        {
          "level0": "Pets",
          "level1": "Pet Supplies",
          "level2": "Dog Food"
        }
      ],
      "cateredFlag": false
    },
    {
      "productId": "5289581-EA-000",
      "brand": "Pams",
      "name": "Casserole With Beef Vegetables & Pasta Dog Food",
      "displayName": "1.2kg",
      "availability": [
        "IN_STORE",
        "ONLINE"
      ],
      "saleType": "UNITS",
      "restrictedFlag": false,
      "liquorFlag": false,
      "tobaccoFlag": false,
      "originRegulated": false,
      "singlePrice": {
        "price": 439,
        "comparativePrice": {
          "pricePerUnit": 37,
          "unitQuantity": 100,
          "unitQuantityUom": "g",
          "measureDescription": "100g"
        }
      },
      "facets": [
        {
          "itemCode": "00020007",
          "itemDescription": "Dairy Free"
        },
        {
          "itemCode": "00020012",
          "itemDescription": "Non-GMO"
        }
      ],
      "categoryTrees": [
        {
          "level0": "Pets",
          "level1": "Pet Supplies",
          "level2": "Dog Food"
        }
      ],
      "cateredFlag": false
    },
    {
      "productId": "5289580-EA-000",
      "brand": "Pams",
      "name": "Casserole With Chicken Vegetables & Pasta Dog Food",
      "displayName": "1.2kg",
      "availability": [
        "IN_STORE",
        "ONLINE"
      ],
      "saleType": "UNITS",
      "restrictedFlag": false,
      "liquorFlag": false,
      "tobaccoFlag": false,
      "originRegulated": false,
      "singlePrice": {
        "price": 439,
        "comparativePrice": {
          "pricePerUnit": 37,
          "unitQuantity": 100,
          "unitQuantityUom": "g",
          "measureDescription": "100g"
        }
      },
      "facets": [
        {
          "itemCode": "00020007",
          "itemDescription": "Dairy Free"
        },
        {
          "itemCode": "00020012",
          "itemDescription": "Non-GMO"
        }
      ],
      "categoryTrees": [
        {
          "level0": "Pets",
          "level1": "Pet Supplies",
          "level2": "Dog Food"
        }
      ],
      "cateredFlag": false
    },
    {
      "productId": "5288933-EA-000",
      "brand": "VitaPet",
      "name": "Purrfit Ultra Odour Control Clumping Cat Litter",
      "displayName": "7l",
      "availability": [
        "IN_STORE",
        "ONLINE"
      ],
      "saleType": "UNITS",
      "restrictedFlag": false,
      "liquorFlag": false,
      "tobaccoFlag": false,
      "originRegulated": false,
      "singlePrice": {
        "price": 1199,
        "promoId": "128943271",
        "comparativePrice": {
          "pricePerUnit": 171,
          "unitQuantity": 1,
          "unitQuantityUom": "L",
          "measureDescription": "1L"
        }
      },
      "promotions": [
        {
          "promoId": "128943271",
          "rewardValue": 1199,
          "decal": "6000",
          "sapType": "BASE",
          "rewardType": "NEW_PRICE",
          "threshold": 1,
          "limit": 0,
          "multiProducts": false,
          "cardDependencyFlag": false,
          "bestPromotion": true,
          "comparativePrice": {
            "pricePerUnit": 171,
            "unitQuantity": 1,
            "unitQuantityUom": "L",
            "measureDescription": "1L"
          }
        }
      ],
      "categoryTrees": [
        {
          "level0": "Pets",
          "level1": "Pet Supplies",
          "level2": "Cat Accessories"
        }
      ],
      "cateredFlag": false
    },
    {
      "productId": "5288932-EA-000",
      "brand": "VitaPet",
      "name": "Eco Doggie Doo Bags With Dispenser",
      "displayName": "30pk",
      "availability": [
        "IN_STORE",
        "ONLINE"
      ],
      "saleType": "UNITS",
      "restrictedFlag": false,
      "liquorFlag": false,
      "tobaccoFlag": false,
      "originRegulated": false,
      "singlePrice": {
        "price": 699,
        "promoId": "128943236"
      },
      "promotions": [
        {
          "promoId": "128943236",
          "rewardValue": 699,
          "decal": "6000",
          "sapType": "BASE",
          "rewardType": "NEW_PRICE",
          "threshold": 1,
          "limit": 0,
          "multiProducts": false,
          "cardDependencyFlag": false,
          "bestPromotion": true
        }
      ],
      "categoryTrees": [
        {
          "level0": "Pets",
          "level1": "Pet Supplies",
          "level2": "Dog Accessories"
        }
      ],
      "cateredFlag": false
    },
    {
      "productId": "5288931-EA-000",
      "brand": "VitaPet",
      "name": "Eco Doggie Doo Refill Bags",
      "displayName": "60pk",
      "availability": [
        "IN_STORE",
        "ONLINE"
      ],
      "saleType": "UNITS",
      "restrictedFlag": false,
      "liquorFlag": false,
      "tobaccoFlag": false,
      "originRegulated": false,
      "singlePrice": {
        "price": 699,
        "promoId": "128943238",
        "comparativePrice": {
          "pricePerUnit": 1165,
          "unitQuantity": 100,
          "unitQuantityUom": " ",
          "measureDescription": "100"
        }
      },
      "promotions": [
        {
          "promoId": "128943238",
          "rewardValue": 699,
          "decal": "6000",
          "sapType": "BASE",
          "rewardType": "NEW_PRICE",
          "threshold": 1,
          "limit": 0,
          "multiProducts": false,
          "cardDependencyFlag": false,
          "bestPromotion": true,
          "comparativePrice": {
            "pricePerUnit": 1165,
            "unitQuantity": 100,
            "unitQuantityUom": " ",
            "measureDescription": "100"
          }
        }
      ],
      "categoryTrees": [
        {
          "level0": "Pets",
          "level1": "Pet Supplies",
          "level2": "Dog Accessories"
        }
      ],
      "cateredFlag": false
    },
    {
      "productId": "5287972-EA-000",
      "brand": "Fussy Cat",
      "name": "Grainfree Beef Kangaroo & Sweet Potato Premium Adult Cat Food",
      "displayName": "2.5kg",
      "availability": [
        "IN_STORE",
        "ONLINE"
      ],
      "saleType": "UNITS",
      "restrictedFlag": false,
      "liquorFlag": false,
      "tobaccoFlag": false,
      "originRegulated": false,
      "singlePrice": {
        "price": 1979,
        "promoId": "128785571",
        "comparativePrice": {
          "pricePerUnit": 79,
          "unitQuantity": 100,
          "unitQuantityUom": "g",
          "measureDescription": "100g"
        }
      },
      "promotions": [
        {
          "promoId": "128785571",
          "rewardValue": 1979,
          "decal": "6000",
          "sapType": "BASE",
          "rewardType": "NEW_PRICE",
          "threshold": 1,
          "limit": 0,
          "multiProducts": false,
          "cardDependencyFlag": false,
          "bestPromotion": true,
          "comparativePrice": {
            "pricePerUnit": 79,
            "unitQuantity": 100,
            "unitQuantityUom": "g",
            "measureDescription": "100g"
          }
        }
      ],
      "categoryTrees": [
        {
          "level0": "Pets",
          "level1": "Pet Supplies",
          "level2": "Cat Food"
        }
      ],
      "cateredFlag": false
    }
  ],
  "algoliaSearchResult": {
    "facets": {
      "brand": {
        "VitaPet": 48,
        "Whiskas": 37,
        "Dine": 30,
        "Purina Fancy Feast": 26,
        "Chef": 23,
        "Fussy Cat": 19,
        "Temptations": 16,
        "Pedigree": 15,
        "Purina ONE": 15,
        "Jimbo's": 14,
        "Pams": 13,
        "My Dog": 12,
        "Purina Oscar": 12,
        "Value": 11,
        "Purina TUX": 10,
        "Schmackos": 10,
        "Purina Friskies": 9,
        "Farmers Market": 7,
        "IAMS": 6,
        "Perfect": 6,
        "Butch": 5,
        "Natures Goodness": 5,
        "Superior": 5,
        "Love'em": 4,
        "Nature's Gift": 4,
        "Animals Like Us": 3,
        "Optimum": 3,
        "Purina": 3,
        "V.I.P Petfoods": 3,
        "Vamoose": 3,
        "Love Em": 2,
        "Possyum": 2,
        "Purina Cat Chow": 2,
        "Wag": 2,
        "Champ": 1,
        "Ecopack": 1,
        "Fackelmann": 1,
        "Hound Log": 1,
        "Purina Kitten Chow": 1,
        "Ranchmans": 1,
        "Tasti": 1
      },
      "category1NI": {
        "Pet Supplies": 392,
        "Pams": 2
      },
      "onPromotion": {
        "90082979-fb9f-4305-9c72-83274fc438cc": 157,
        "61dd754e-8525-4b9e-9e08-173389eea8a8": 146,
        "b29a98bd-749c-489c-9eef-6aa38e66a29b": 145,
        "be4c4780-218e-425a-a90f-63e21773572b": 144,
        "c180a72d-5dbe-4403-b7c7-91655e505492": 143,
        "c3f9e1a3-fc34-452d-af2e-95349e666ba4": 143,
        "3c5e3145-0767-4066-9349-6c0a1313acc5": 142,
        "5cf0392f-c187-4fc4-a463-eb269d2e8f45": 142,
        "2ed73be8-936d-4f35-9398-75a707f40a7b": 139,
        "21ecaaed-0749-4492-985e-4bb7ba43d59c": 138,
        "dbca5e00-f7f9-43ae-91de-031ad16f8a92": 135,
        "4a279605-eaa8-470d-bcd4-0a9e3c9ab43b": 132,
        "3404c253-577f-45ca-b301-c98312e46efb": 131,
        "715f0e22-95e0-45ce-af3a-07057209976e": 131,
        "8cd700ae-d96f-4761-bd7a-805d6b93536d": 130,
        "d8032da3-c1b9-456e-b626-41ce21f8c67b": 129,
        "3bb30799-82ce-4648-8c02-5113228963ed": 126,
        "c2204dae-579e-4b6b-9d42-2e13ceaa6031": 122,
        "64eab5b1-8d79-45f4-94f1-02b8cf8b6202": 120,
        "53989945-1a28-481d-a61c-d6f75f760ada": 117,
        "15e6f441-5c1c-4d25-b4ec-1adf918c49c7": 115,
        "8f0d70be-5cb7-464b-99cb-8b0130671895": 115,
        "92086ded-a55d-4241-a364-7d7ea91531b4": 114,
        "6e6809dd-01bc-45c9-aab1-f01ccd8338b0": 111,
        "d6d39eea-889d-4e20-923c-55cab225cf7f": 109,
        "65defcf2-bc15-490e-a84f-1f13b769cd22": 107,
        "a7d09522-bee2-41e4-8fe0-0b82b7f342f5": 106,
        "b2e98a14-c8ca-401e-99ed-edf74570c6f6": 106,
        "1c388d5e-29ac-4956-b476-cb3431353d2e": 104,
        "e1925ea7-01bc-4358-ae7c-c6502da5ab12": 103,
        "01a114de-149c-4f5f-80a1-90cc63f69c6e": 99,
        "5f167936-79ae-4f6a-b9d2-74afe1bb096b": 97,
        "4fcc1c8e-cc5e-4675-ba25-5e56b579cf69": 95,
        "49037947-e450-49bf-ba1f-a94551c79a72": 92,
        "714431ab-6e39-4df6-ac77-cfc5c1e25bc8": 91,
        "6cda96e1-7d29-44a6-956b-3fcfdecc8184": 90,
        "48dd98cc-a757-4102-b15d-ea82b4b10571": 89,
        "b92cc33f-b5a8-4b57-9b82-412946800020": 89,
        "d1cd1fdd-8767-46a6-a8d3-c3e0632c2dc8": 87,
        "7d48a781-4f68-4c91-a908-8659e1b22f95": 84,
        "33d8d6fc-861a-45ff-9937-5ccdb55eaede": 82,
        "529d66cc-60e3-432e-b8d1-efc9f2ec4919": 81,
        "6c73764e-b8e6-4e55-ad37-f6a9d207da1f": 81,
        "60561e46-ece7-43a7-b142-9b14812586e4": 79,
        "3bfe040b-f0c9-45e0-949b-b9ad5a591d55": 71,
        "b83029b6-5dd5-449e-8056-26f3943a4e18": 66,
        "b39562a4-2b72-43fe-b9ba-eda1d651ad0b": 62,
        "076e8177-943b-41fc-a885-ba3d28297acf": 55,
        "3e82142c-78dc-46f3-82ec-28e65fcf84c9": 51,
        "98ec3885-ac93-4fcb-807b-59c9055c52c4": 51,
        "af385423-d0f1-41f0-9482-ffd10b745143": 45,
        "c0f80e87-16be-4488-9553-da437e8c6c2a": 45,
        "50b1216b-d066-4457-b88b-9bccf97bf6d3": 44,
        "94ef1985-cab1-4b39-a2f3-230120f03c16": 44,
        "9cd8eb60-3222-4efc-bd7c-50e03e6a81a4": 36
      },
      "productFacets": {
        "Non-GMO": 66,
        "Low Sugar": 13,
        "Gluten Free": 10,
        "Dairy Free": 9,
        "Low Salt": 4,
        "Cage Free": 3,
        "Low Fat": 3,
        "Free Range": 2
      }
    }
  },
  "totalHits": 392,
  "page": 7,
  "totalPages": 8,
  "hitsPerPage": 50
}
