{
  "tobaccoProducts": false,
  "products": [
    {
      "productId": "5316305-EA-000",
      "brand": "Ecopack",
      "name": "Home Compostable Poop Bags Refill Rolls",
      "displayName": "60pk",
      "availability": [
        "IN_STORE",
        "ONLINE"
      ],
      "saleType": "UNITS",
      "restrictedFlag": false,
      "liquorFlag": false,
      "tobaccoFlag": false,
      "originRegulated": false,
      "singlePrice": {
        "price": 749,
        "comparativePrice": {
          "pricePerUnit": 1248,
          "unitQuantity": 100,
          "unitQuantityUom": " ",
          "measureDescription": "100"
        }
      },
      "facets": [
        {
          "itemCode": "00020012",
          "itemDescription": "Non-GMO"
        }
      ],
      "categoryTrees": [
        {
          "level0": "Pets",
          "level1": "Pet Supplies",
          "level2": "Dog Accessories"
        }
      ],
      "cateredFlag": false
    },
    {
      "productId": "5316149-EA-000",
      "brand": "Farmers Market",
      "name": "Homestyle Feast With Beef & Garden Vegetables Adult Dry Dog Food",
      "displayName": "2KG",
      "availability": [
        "IN_STORE",
        "ONLINE"
      ],
      "saleType": "UNITS",
      "restrictedFlag": false,
      "liquorFlag": false,
      "tobaccoFlag": false,
      "originRegulated": false,
      "singlePrice": {
        "price": 2399,
        "promoId": "128785577",
        "comparativePrice": {
          "pricePerUnit": 120,
          "unitQuantity": 100,
          "unitQuantityUom": "g",
          "measureDescription": "100g"
        }
      },
      "promotions": [
        {
          "promoId": "128785577",
          "rewardValue": 2399,
          "decal": "6000",
          "sapType": "BASE",
          "rewardType": "NEW_PRICE",
          "threshold": 1,
          "limit": 0,
          "multiProducts": false,
          "cardDependencyFlag": false,
          "bestPromotion": true,
          "comparativePrice": {
            "pricePerUnit": 120,
            "unitQuantity": 100,
            "unitQuantityUom": "g",
            "measureDescription": "100g"
          }
        }
      ],
      "categoryTrees": [
        {
          "level0": "Pets",
          "level1": "Pet Supplies",
          "level2": "Dog Food"
        }
      ],
      "cateredFlag": false
    },
    {
      "productId": "5316148-EA-000",
      "brand": "Farmers Market",
      "name": "High Protein Kibble Real Chicken and Vegetable + Freeze Dried Lamb Dry Cat Food",
      "displayName": "1kg",
      "availability": [
        "IN_STORE",
        "ONLINE"
      ],
      "saleType": "UNITS",
      "restrictedFlag": false,
      "liquorFlag": false,
      "tobaccoFlag": false,
      "originRegulated": false,
      "singlePrice": {
        "price": 1549,
        "promoId": "128785576",
        "comparativePrice": {
          "pricePerUnit": 155,
          "unitQuantity": 100,
          "unitQuantityUom": "g",
          "measureDescription": "100g"
        }
      },
      "promotions": [
        {
          "promoId": "128785576",
          "rewardValue": 1549,
          "decal": "6000",
          "sapType": "BASE",
          "rewardType": "NEW_PRICE",
          "threshold": 1,
          "limit": 0,
          "multiProducts": false,
          "cardDependencyFlag": false,
          "bestPromotion": true,
          "comparativePrice": {
            "pricePerUnit": 155,
            "unitQuantity": 100,
            "unitQuantityUom": "g",
            "measureDescription": "100g"
          }
        }
      ],
      "categoryTrees": [
        {
          "level0": "Pets",
          "level1": "Pet Supplies",
          "level2": "Cat Food"
        }
      ],
      "cateredFlag": false
    },
    {
      "productId": "5316143-EA-000",
      "brand": "Farmers Market",
      "name": "High Protein Kibble Real Salmon and Vegetable + Freeze Dried Lamb Cat Food",
      "displayName": "1KG",
      "availability": [
        "IN_STORE",
        "ONLINE"
      ],
      "saleType": "UNITS",
      "restrictedFlag": false,
      "liquorFlag": false,
      "tobaccoFlag": false,
      "originRegulated": false,
      "singlePrice": {
        "price": 1549,
        "promoId": "128785579",
        "comparativePrice": {
          "pricePerUnit": 155,
          "unitQuantity": 100,
          "unitQuantityUom": "g",
          "measureDescription": "100g"
        }
      },
      "promotions": [
        {
          "promoId": "128785579",
          "rewardValue": 1549,
          "decal": "6000",
          "sapType": "BASE",
          "rewardType": "NEW_PRICE",
          "threshold": 1,
          "limit": 0,
          "multiProducts": false,
          "cardDependencyFlag": false,
          "bestPromotion": true,
          "comparativePrice": {
            "pricePerUnit": 155,
            "unitQuantity": 100,
            "unitQuantityUom": "g",
            "measureDescription": "100g"
          }
        }
      ],
      "categoryTrees": [
        {
          "level0": "Pets",
          "level1": "Pet Supplies",
          "level2": "Cat Food"
        }
      ],
      "cateredFlag": false
    },
    {
      "productId": "5316142-EA-000",
      "brand": "Farmers Market",
      "name": "Homestyle Feast With Chicken & Garden Vegetables Adult Dry Dog Food",
      "displayName": "2kg",
      "availability": [
        "IN_STORE",
        "ONLINE"
      ],
      "saleType": "UNITS",
      "restrictedFlag": false,
      "liquorFlag": false,
      "tobaccoFlag": false,
      "originRegulated": false,
      "singlePrice": {
        "price": 2399,
        "promoId": "128785574",
        "comparativePrice": {
          "pricePerUnit": 120,
          "unitQuantity": 100,
          "unitQuantityUom": "g",
          "measureDescription": "100g"
        }
      },
      "promotions": [
        {
          "promoId": "128785574",
          "rewardValue": 2399,
          "decal": "6000",
          "sapType": "BASE",
          "rewardType": "NEW_PRICE",
          "threshold": 1,
          "limit": 0,
          "multiProducts": false,
          "cardDependencyFlag": false,
          "bestPromotion": true,
          "comparativePrice": {
            "pricePerUnit": 120,
            "unitQuantity": 100,
            "unitQuantityUom": "g",
            "measureDescription": "100g"
          }
        }
      ],
      "categoryTrees": [
        {
          "level0": "Pets",
          "level1": "Pet Supplies",
          "level2": "Dog Food"
        }
      ],
      "cateredFlag": false
    },
    {
      "productId": "5316136-EA-000",
      "brand": "Farmers Market",
      "name": "Grain Free Lamb Loaf with Garden Vegetables Adult Wet Dog Food",
      "displayName": "400G",
      "availability": [
        "IN_STORE",
        "ONLINE"
      ],
      "saleType": "UNITS",
      "restrictedFlag": false,
      "liquorFlag": false,
      "tobaccoFlag": false,
      "originRegulated": false,
      "singlePrice": {
        "price": 329,
        "promoId": "128785578",
        "comparativePrice": {
          "pricePerUnit": 82,
          "unitQuantity": 100,
          "unitQuantityUom": "g",
          "measureDescription": "100g"
        }
      },
      "promotions": [
        {
          "promoId": "128785578",
          "rewardValue": 329,
          "decal": "6000",
          "sapType": "BASE",
          "rewardType": "NEW_PRICE",
          "threshold": 1,
          "limit": 0,
          "multiProducts": false,
          "cardDependencyFlag": false,
          "bestPromotion": true,
          "comparativePrice": {
            "pricePerUnit": 82,
            "unitQuantity": 100,
            "unitQuantityUom": "g",
            "measureDescription": "100g"
          }
        }
      ],
      "categoryTrees": [
        {
          "level0": "Pets",
          "level1": "Pet Supplies",
          "level2": "Dog Food"
        }
      ],
      "cateredFlag": false
    },
    {
      "productId": "5315685-EA-000",
      "brand": "Jimbo's",
      "name": "Beef & Lamb Dog Food",
      "displayName": "800g",
      "availability": [
        "IN_STORE",
        "ONLINE"
      ],
      "saleType": "UNITS",
      "restrictedFlag": false,
      "liquorFlag": false,
      "tobaccoFlag": false,
      "originRegulated": false,
      "singlePrice": {
        "price": 919,
        "comparativePrice": {
          "pricePerUnit": 115,
          "unitQuantity": 100,
          "unitQuantityUom": "g",
          "measureDescription": "100g"
        }
      },
      "categoryTrees": [
        {
          "level0": "Pets",
          "level1": "Pet Supplies",
          "level2": "Dog Food"
        }
      ],
      "cateredFlag": false
    },
    {
      "productId": "5315683-EA-000",
      "brand": "Jimbo's",
      "name": "Veal Cat Food",
      "displayName": "800g",
      "availability": [
        "IN_STORE",
        "ONLINE"
      ],
      "saleType": "UNITS",
      "restrictedFlag": false,
      "liquorFlag": false,
      "tobaccoFlag": false,
      "originRegulated": false,
      "singlePrice": {
        "price": 1199,
        "promoId": "128929177",
        "comparativePrice": {
          "pricePerUnit": 150,
          "unitQuantity": 100,
          "unitQuantityUom": "g",
          "measureDescription": "100g"
        }
      },
      "promotions": [
        {
          "promoId": "128929177",
          "rewardValue": 1199,
          "decal": "6000",
          "sapType": "BASE",
          "rewardType": "NEW_PRICE",
          "threshold": 1,
          "limit": 0,
          "multiProducts": false,
          "cardDependencyFlag": false,
          "bestPromotion": true,
          "comparativePrice": {
            "pricePerUnit": 150,
            "unitQuantity": 100,
            "unitQuantityUom": "g",
            "measureDescription": "100g"
          }
        }
      ],
      "categoryTrees": [
        {
          "level0": "Pets",
          "level1": "Pet Supplies",
          "level2": "Cat Food"
        }
      ],
      "cateredFlag": false
    },
    {
      "productId": "5315681-EA-000",
      "brand": "Jimbo's",
      "name": "Hypoallergenic Lamb Dog Food",
      "displayName": "800g",
      "availability": [
        "IN_STORE",
        "ONLINE"
      ],
      "saleType": "UNITS",
      "restrictedFlag": false,
      "liquorFlag": false,
      "tobaccoFlag": false,
      "originRegulated": false,
      "singlePrice": {
        "price": 1069,
        "comparativePrice": {
          "pricePerUnit": 134,
          "unitQuantity": 100,
          "unitQuantityUom": "g",
          "measureDescription": "100g"
        }
      },
      "categoryTrees": [
        {
          "level0": "Pets",
          "level1": "Pet Supplies",
          "level2": "Dog Food"
        }
      ],
      "cateredFlag": false
    },
    {
      "productId": "5315680-EA-000",
      "brand": "Jimbo's",
      "name": "Beef Cat Food",
      "displayName": "400g",
      "availability": [
        "IN_STORE",
        "ONLINE"
      ],
      "saleType": "UNITS",
      "restrictedFlag": false,
      "liquorFlag": false,
      "tobaccoFlag": false,
      "originRegulated": false,
      "singlePrice": {
        "price": 659,
        "comparativePrice": {
          "pricePerUnit": 165,
          "unitQuantity": 100,
          "unitQuantityUom": "g",
          "measureDescription": "100g"
        }
      },
      "categoryTrees": [
        {
          "level0": "Pets",
          "level1": "Pet Supplies",
          "level2": "Cat Food"
        }
      ],
      "cateredFlag": false
    },
    {
      "productId": "5315679-EA-000",
      "brand": "Jimbo's",
      "name": "Turkey & Duck Cat Food",
      "displayName": "400g",
      "availability": [
        "IN_STORE",
        "ONLINE"
      ],
      "saleType": "UNITS",
      "restrictedFlag": false,
      "liquorFlag": false,
      "tobaccoFlag": false,
      "originRegulated": false,
      "singlePrice": {
        "price": 795,
        "comparativePrice": {
          "pricePerUnit": 199,
          "unitQuantity": 100,
          "unitQuantityUom": "g",
          "measureDescription": "100g"
        }
      },
      "categoryTrees": [
        {
          "level0": "Pets",
          "level1": "Pet Supplies",
          "level2": "Cat Food"
        }
      ],
      "cateredFlag": false
    },
    {
      "productId": "5315678-EA-000",
      "brand": "Jimbo's",
      "name": "Kangaroo Cat Food",
      "displayName": "400g",
      "availability": [
        "IN_STORE",
        "ONLINE"
      ],
      "saleType": "UNITS",
      "restrictedFlag": false,
      "liquorFlag": false,
      "tobaccoFlag": false,
      "originRegulated": false,
      "singlePrice": {
        "price": 795,
        "comparativePrice": {
          "pricePerUnit": 199,
          "unitQuantity": 100,
          "unitQuantityUom": "g",
          "measureDescription": "100g"
        }
      },
      "categoryTrees": [
        {
          "level0": "Pets",
          "level1": "Pet Supplies",
          "level2": "Cat Food"
        }
      ],
      "cateredFlag": false
    },
    {
      "productId": "5315677-EA-000",
      "brand": "Jimbo's",
      "name": "Veal Cat Food",
      "displayName": "400g",
      "availability": [
        "IN_STORE",
        "ONLINE"
      ],
      "saleType": "UNITS",
      "restrictedFlag": false,
      "liquorFlag": false,
      "tobaccoFlag": false,
      "originRegulated": false,
      "singlePrice": {
        "price": 795,
        "comparativePrice": {
          "pricePerUnit": 199,
          "unitQuantity": 100,
          "unitQuantityUom": "g",
          "measureDescription": "100g"
        }
      },
      "categoryTrees": [
        {
          "level0": "Pets",
          "level1": "Pet Supplies",
          "level2": "Cat Food"
        }
      ],
      "cateredFlag": false
    },
    {
      "productId": "5315676-EA-000",
      "brand": "Jimbo's",
      "name": "Steak 'N Kidney Cat Food",
      "displayName": "800g",
      "availability": [
        "IN_STORE",
        "ONLINE"
      ],
      "saleType": "UNITS",
      "restrictedFlag": false,
      "liquorFlag": false,
      "tobaccoFlag": false,
      "originRegulated": false,
      "singlePrice": {
        "price": 1139,
        "comparativePrice": {
          "pricePerUnit": 142,
          "unitQuantity": 100,
          "unitQuantityUom": "g",
          "measureDescription": "100g"
        }
      },
      "categoryTrees": [
        {
          "level0": "Pets",
          "level1": "Pet Supplies",
          "level2": "Cat Food"
        }
      ],
      "cateredFlag": false
    },
    {
      "productId": "5315675-EA-000",
      "brand": "Jimbo's",
      "name": "Steak 'n Kidney Cat Food",
      "displayName": "400G",
      "availability": [
        "IN_STORE",
        "ONLINE"
      ],
      "saleType": "UNITS",
      "restrictedFlag": false,
      "liquorFlag": false,
      "tobaccoFlag": false,
      "originRegulated": false,
      "singlePrice": {
        "price": 659,
        "comparativePrice": {
          "pricePerUnit": 165,
          "unitQuantity": 100,
          "unitQuantityUom": "g",
          "measureDescription": "100g"
        }
      },
      "categoryTrees": [
        {
          "level0": "Pets",
          "level1": "Pet Supplies",
          "level2": "Cat Food"
        }
      ],
      "cateredFlag": false
    },
    {
      "productId": "5315674-EA-000",
      "brand": "Jimbo's",
      "name": "Hearty Beef Cat Food",
      "displayName": "400g",
      "availability": [
        "IN_STORE",
        "ONLINE"
      ],
      "saleType": "UNITS",
      "restrictedFlag": false,
      "liquorFlag": false,
      "tobaccoFlag": false,
      "originRegulated": false,
      "singlePrice": {
        "price": 659,
        "comparativePrice": {
          "pricePerUnit": 165,
          "unitQuantity": 100,
          "unitQuantityUom": "g",
          "measureDescription": "100g"
        }
      },
      "categoryTrees": [
        {
          "level0": "Pets",
          "level1": "Pet Supplies",
          "level2": "Cat Food"
        }
      ],
      "cateredFlag": false
    },
    {
      "productId": "5315673-EA-000",
      "brand": "Jimbo's",
      "name": "Hearty Beef Cat Food",
      "displayName": "800g",
      "availability": [
        "IN_STORE",
        "ONLINE"
      ],
      "saleType": "UNITS",
      "restrictedFlag": false,
      "liquorFlag": false,
      "tobaccoFlag": false,
      "originRegulated": false,
      "singlePrice": {
        "price": 1139,
        "comparativePrice": {
          "pricePerUnit": 142,
          "unitQuantity": 100,
          "unitQuantityUom": "g",
          "measureDescription": "100g"
        }
      },
      "categoryTrees": [
        {
          "level0": "Pets",
          "level1": "Pet Supplies",
          "level2": "Cat Food"
        }
      ],
      "cateredFlag": false
    },
    {
      "productId": "5315660-EA-000",
      "brand": "Purina TUX",
      "name": "Original Meaty Biscuit Adult Dry Dog Food",
      "displayName": "2.5kg",
      "availability": [
        "IN_STORE",
        "ONLINE"
      ],
      "saleType": "UNITS",
      "restrictedFlag": false,
      "liquorFlag": false,
      "tobaccoFlag": false,
      "originRegulated": false,
      "singlePrice": {
        "price": 1599,
        "comparativePrice": {
          "pricePerUnit": 64,
          "unitQuantity": 100,
          "unitQuantityUom": "g",
          "measureDescription": "100g"
        }
      },
      "categoryTrees": [
        {
          "level0": "Pets",
          "level1": "Pet Supplies",
          "level2": "Dog Food"
        }
      ],
      "cateredFlag": false
    },
    {
      "productId": "5315632-EA-000",
      "brand": "Purina TUX",
      "name": "Original Beef & Liver Flavour Biscuit Dry Dog Food",
      "displayName": "2.5kg",
      "availability": [
        "IN_STORE",
        "ONLINE"
      ],
      "saleType": "UNITS",
      "restrictedFlag": false,
      "liquorFlag": false,
      "tobaccoFlag": false,
      "originRegulated": false,
      "singlePrice": {
        "price": 1599,
        "comparativePrice": {
          "pricePerUnit": 64,
          "unitQuantity": 100,
          "unitQuantityUom": "g",
          "measureDescription": "100g"
        }
      },
      "categoryTrees": [
        {
          "level0": "Pets",
          "level1": "Pet Supplies",
          "level2": "Dog Food"
        }
      ],
      "cateredFlag": false
    },
    {
      "productId": "5315555-EA-000",
      "brand": "Jimbo's",
      "name": "Complete & Balanced Beef & Bone Marrow Dog Food",
      "displayName": "800G",
      "availability": [
        "IN_STORE",
        "ONLINE"
      ],
      "saleType": "UNITS",
      "restrictedFlag": false,
      "liquorFlag": false,
      "tobaccoFlag": false,
      "originRegulated": false,
      "singlePrice": {
        "price": 799,
        "promoId": "128929179",
        "comparativePrice": {
          "pricePerUnit": 100,
          "unitQuantity": 100,
          "unitQuantityUom": "g",
          "measureDescription": "100g"
        }
      },
      "promotions": [
        {
          "promoId": "128929179",
          "rewardValue": 799,
          "decal": "6000",
          "sapType": "BASE",
          "rewardType": "NEW_PRICE",
          "threshold": 1,
          "limit": 0,
          "multiProducts": false,
          "cardDependencyFlag": false,
          "bestPromotion": true,
          "comparativePrice": {
            "pricePerUnit": 100,
            "unitQuantity": 100,
            "unitQuantityUom": "g",
            "measureDescription": "100g"
          }
        }
      ],
      "categoryTrees": [
        {
          "level0": "Pets",
          "level1": "Pet Supplies",
          "level2": "Dog Food"
        }
      ],
      "cateredFlag": false
    },
    {
      "productId": "5315552-EA-000",
      "brand": "Jimbo's",
      "name": "Complete & Balanced Chicken & Turkey Dog Food",
      "displayName": "800G",
      "availability": [
        "IN_STORE",
        "ONLINE"
      ],
      "saleType": "UNITS",
      "restrictedFlag": false,
      "liquorFlag": false,
      "tobaccoFlag": false,
      "originRegulated": false,
      "singlePrice": {
        "price": 799,
        "promoId": "128929179",
        "comparativePrice": {
          "pricePerUnit": 100,
          "unitQuantity": 100,
          "unitQuantityUom": "g",
          "measureDescription": "100g"
        }
      },
      "promotions": [
        {
          "promoId": "128929179",
          "rewardValue": 799,
          "decal": "6000",
          "sapType": "BASE",
          "rewardType": "NEW_PRICE",
          "threshold": 1,
          "limit": 0,
          "multiProducts": false,
          "cardDependencyFlag": false,
          "bestPromotion": true,
          "comparativePrice": {
            "pricePerUnit": 100,
            "unitQuantity": 100,
            "unitQuantityUom": "g",
            "measureDescription": "100g"
          }
        }
      ],
      "categoryTrees": [
        {
          "level0": "Pets",
          "level1": "Pet Supplies",
          "level2": "Dog Food"
        }
      ],
      "cateredFlag": false
    },
    {
      "productId": "5313907-EA-000",
      "brand": "Purina Fancy Feast",
      "name": "Petite Delights Grilled Turkey in Gravy Pouch Wet Cat Food",
      "displayName": "50g",
      "availability": [
        "IN_STORE",
        "ONLINE"
      ],
      "saleType": "UNITS",
      "restrictedFlag": false,
      "liquorFlag": false,
      "tobaccoFlag": false,
      "originRegulated": false,
      "singlePrice": {
        "price": 119,
        "comparativePrice": {
          "pricePerUnit": 238,
          "unitQuantity": 100,
          "unitQuantityUom": "g",
          "measureDescription": "100g"
        }
      },
      "categoryTrees": [
        {
          "level0": "Pets",
          "level1": "Pet Supplies",
          "level2": "Cat Food"
        }
      ],
      "cateredFlag": false
    },
    {
      "productId": "5313906-EA-000",
      "brand": "Purina Fancy Feast",
      "name": "Petite Delights Salmon Turkey in Gravy Pouch Wet Cat Food",
      "displayName": "50g",
      "availability": [
        "IN_STORE",
        "ONLINE"
      ],
      "saleType": "UNITS",
      "restrictedFlag": false,
      "liquorFlag": false,
      "tobaccoFlag": false,
      "originRegulated": false,
      "singlePrice": {
        "price": 119,
        "comparativePrice": {
          "pricePerUnit": 238,
          "unitQuantity": 100,
          "unitQuantityUom": "g",
          "measureDescription": "100g"
        }
      },
      "categoryTrees": [
        {
          "level0": "Pets",
          "level1": "Pet Supplies",
          "level2": "Cat Food"
        }
      ],
      "cateredFlag": false
    },
    {
      "productId": "5313905-EA-000",
      "brand": "Purina Fancy Feast",
      "name": "Petite Delights Grilled Tuna In Gravy Pouch Wet Cat Food",
      "displayName": "50g",
      "availability": [
        "IN_STORE",
        "ONLINE"
      ],
      "saleType": "UNITS",
      "restrictedFlag": false,
      "liquorFlag": false,
      "tobaccoFlag": false,
      "originRegulated": false,
      "singlePrice": {
        "price": 119,
        "comparativePrice": {
          "pricePerUnit": 238,
          "unitQuantity": 100,
          "unitQuantityUom": "g",
          "measureDescription": "100g"
        }
      },
      "categoryTrees": [
        {
          "level0": "Pets",
          "level1": "Pet Supplies",
          "level2": "Cat Food"
        }
      ],
      "cateredFlag": false
    },
    {
      "productId": "5313904-EA-000",
      "brand": "Purina Fancy Feast",
      "name": "Petite Delights Grilled Chicken In Gravy Pouch Wet Cat Food",
      "displayName": "50g",
      "availability": [
        "IN_STORE",
        "ONLINE"
      ],
      "saleType": "UNITS",
      "restrictedFlag": false,
      "liquorFlag": false,
      "tobaccoFlag": false,
      "originRegulated": false,
      "singlePrice": {
        "price": 119,
        "comparativePrice": {
          "pricePerUnit": 238,
          "unitQuantity": 100,
          "unitQuantityUom": "g",
          "measureDescription": "100g"
        }
      },
      "categoryTrees": [
        {
          "level0": "Pets",
          "level1": "Pet Supplies",
          "level2": "Cat Food"
        }
      ],
      "cateredFlag": false
    },
    {
      "productId": "5313903-EA-000",
      "brand": "Purina Fancy Feast",
      "name": "Petite Delights Salmon Tuna & Chicken In Gravy Pouch Wet Cat Food",
      "displayName": "6 x 50g",
      "availability": [
        "IN_STORE",
        "ONLINE"
      ],
      "saleType": "UNITS",
      "restrictedFlag": false,
      "liquorFlag": false,
      "tobaccoFlag": false,
      "originRegulated": false,
      "singlePrice": {
        "price": 499,
        "promoId": "128954459",
        "comparativePrice": {
          "pricePerUnit": 166,
          "unitQuantity": 100,
          "unitQuantityUom": "g",
          "measureDescription": "100g"
        }
      },
      "promotions": [
        {
          "promoId": "128954459",
          "rewardValue": 499,
          "decal": "6000",
          "sapType": "BASE",
          "rewardType": "NEW_PRICE",
          "threshold": 1,
          "limit": 0,
          "multiProducts": false,
          "cardDependencyFlag": false,
          "bestPromotion": true,
          "comparativePrice": {
            "pricePerUnit": 166,
            "unitQuantity": 100,
            "unitQuantityUom": "g",
            "measureDescription": "100g"
          }
        }
      ],
      "categoryTrees": [
        {
          "level0": "Pets",
          "level1": "Pet Supplies",
          "level2": "Cat Food"
        }
      ],
      "cateredFlag": false
    },
    {
      "productId": "5313902-EA-000",
      "brand": "Purina Fancy Feast",
      "name": "Petite Delights Salmon Chicken In Gravy Pouch Wet Cat Food",
      "displayName": "6 x 50g",
      "availability": [
        "IN_STORE",
        "ONLINE"
      ],
      "saleType": "UNITS",
      "restrictedFlag": false,
      "liquorFlag": false,
      "tobaccoFlag": false,
      "originRegulated": false,
      "singlePrice": {
        "price": 499,
        "promoId": "128954459",
        "comparativePrice": {
          "pricePerUnit": 166,
          "unitQuantity": 100,
          "unitQuantityUom": "g",
          "measureDescription": "100g"
        }
      },
      "promotions": [
        {
          "promoId": "128954459",
          "rewardValue": 499,
          "decal": "6000",
          "sapType": "BASE",
          "rewardType": "NEW_PRICE",
          "threshold": 1,
          "limit": 0,
          "multiProducts": false,
          "cardDependencyFlag": false,
          "bestPromotion": true,
          "comparativePrice": {
            "pricePerUnit": 166,
            "unitQuantity": 100,
            "unitQuantityUom": "g",
            "measureDescription": "100g"
          }
        }
      ],
      "categoryTrees": [
        {
          "level0": "Pets",
          "level1": "Pet Supplies",
          "level2": "Cat Food"
        }
      ],
      "cateredFlag": false
    },
    {
      "productId": "5313901-EA-000",
      "brand": "Purina Fancy Feast",
      "name": "Petite Delights Chicken Tuna & Turkey In Gravy Pouch Wet Cat Food",
      "displayName": "6 x 50g",
      "availability": [
        "IN_STORE",
        "ONLINE"
      ],
      "saleType": "UNITS",
      "restrictedFlag": false,
      "liquorFlag": false,
      "tobaccoFlag": false,
      "originRegulated": false,
      "singlePrice": {
        "price": 499,
        "promoId": "128954459",
        "comparativePrice": {
          "pricePerUnit": 166,
          "unitQuantity": 100,
          "unitQuantityUom": "g",
          "measureDescription": "100g"
        }
      },
      "promotions": [
        {
          "promoId": "128954459",
          "rewardValue": 499,
          "decal": "6000",
          "sapType": "BASE",
          "rewardType": "NEW_PRICE",
          "threshold": 1,
          "limit": 0,
          "multiProducts": false,
          "cardDependencyFlag": false,
          "bestPromotion": true,
          "comparativePrice": {
            "pricePerUnit": 166,
            "unitQuantity": 100,
            "unitQuantityUom": "g",
            "measureDescription": "100g"
          }
        }
      ],
      "categoryTrees": [
        {
          "level0": "Pets",
          "level1": "Pet Supplies",
          "level2": "Cat Food"
        }
      ],
      "cateredFlag": false
    },
    {
      "productId": "5313900-EA-000",
      "brand": "Purina Fancy Feast",
      "name": "Petite Delights Chicken Turkey In Gravy Pouch Wet Cat Food",
      "displayName": "6 x 50g",
      "availability": [
        "IN_STORE",
        "ONLINE"
      ],
      "saleType": "UNITS",
      "restrictedFlag": false,
      "liquorFlag": false,
      "tobaccoFlag": false,
      "originRegulated": false,
      "singlePrice": {
        "price": 499,
        "promoId": "128954459",
        "comparativePrice": {
          "pricePerUnit": 166,
          "unitQuantity": 100,
          "unitQuantityUom": "g",
          "measureDescription": "100g"
        }
      },
      "promotions": [
        {
          "promoId": "128954459",
          "rewardValue": 499,
          "decal": "6000",
          "sapType": "BASE",
          "rewardType": "NEW_PRICE",
          "threshold": 1,
          "limit": 0,
          "multiProducts": false,
          "cardDependencyFlag": false,
          "bestPromotion": true,
          "comparativePrice": {
            "pricePerUnit": 166,
            "unitQuantity": 100,
            "unitQuantityUom": "g",
            "measureDescription": "100g"
          }
        }
      ],
      "categoryTrees": [
        {
          "level0": "Pets",
          "level1": "Pet Supplies",
          "level2": "Cat Food"
        }
      ],
      "cateredFlag": false
    },
    {
      "productId": "5313899-EA-000",
      "brand": "Purina Fancy Feast",
      "name": "Petite Delights Tuna Grilled Salmon & Grilled Cod In Gravy Pouch Wet Cat Food",
      "displayName": "6 x 50g",
      "availability": [
        "IN_STORE",
        "ONLINE"
      ],
      "saleType": "UNITS",
      "restrictedFlag": false,
      "liquorFlag": false,
      "tobaccoFlag": false,
      "originRegulated": false,
      "singlePrice": {
        "price": 499,
        "promoId": "128954459",
        "comparativePrice": {
          "pricePerUnit": 166,
          "unitQuantity": 100,
          "unitQuantityUom": "g",
          "measureDescription": "100g"
        }
      },
      "promotions": [
        {
          "promoId": "128954459",
          "rewardValue": 499,
          "decal": "6000",
          "sapType": "BASE",
          "rewardType": "NEW_PRICE",
          "threshold": 1,
          "limit": 0,
          "multiProducts": false,
          "cardDependencyFlag": false,
          "bestPromotion": true,
          "comparativePrice": {
            "pricePerUnit": 166,
            "unitQuantity": 100,
            "unitQuantityUom": "g",
            "measureDescription": "100g"
          }
        }
      ],
      "categoryTrees": [
        {
          "level0": "Pets",
          "level1": "Pet Supplies",
          "level2": "Cat Food"
        }
      ],
      "cateredFlag": false
    },
    {
      "productId": "5313641-EA-000",
      "brand": "Dine",
      "name": "Classic Collection Chicken Chunks In Gravy Wet Cat Food",
      "displayName": "85g",
      "availability": [
        "IN_STORE",
        "ONLINE"
      ],
      "saleType": "UNITS",
      "restrictedFlag": false,
      "liquorFlag": false,
      "tobaccoFlag": false,
      "originRegulated": false,
      "singlePrice": {
        "price": 189,
        "comparativePrice": {
          "pricePerUnit": 222,
          "unitQuantity": 100,
          "unitQuantityUom": "g",
          "measureDescription": "100g"
        }
      },
      "categoryTrees": [
        {
          "level0": "Pets",
          "level1": "Pet Supplies",
          "level2": "Cat Food"
        }
      ],
      "cateredFlag": false
    },
    {
      "productId": "5313640-EA-000",
      "brand": "Dine",
      "name": "Classic Collection Tuna Chunks In Jelly Wet Cat Food",
      "displayName": "85g",
      "availability": [
        "IN_STORE",
        "ONLINE"
      ],
      "saleType": "UNITS",
      "restrictedFlag": false,
      "liquorFlag": false,
      "tobaccoFlag": false,
      "originRegulated": false,
      "singlePrice": {
        "price": 189,
        "comparativePrice": {
          "pricePerUnit": 222,
          "unitQuantity": 100,
          "unitQuantityUom": "g",
          "measureDescription": "100g"
        }
      },
      "categoryTrees": [
        {
          "level0": "Pets",
          "level1": "Pet Supplies",
          "level2": "Cat Food"
        }
      ],
      "cateredFlag": false
    },
    {
      "productId": "5313639-EA-000",
      "brand": "Dine",
      "name": "Classic Collection Beef Chunks In Gravy Wet Cat Food",
      "displayName": "85g",
      "availability": [
        "IN_STORE",
        "ONLINE"
      ],
      "saleType": "UNITS",
      "restrictedFlag": false,
      "liquorFlag": false,
      "tobaccoFlag": false,
      "originRegulated": false,
      "singlePrice": {
        "price": 189,
        "comparativePrice": {
          "pricePerUnit": 222,
          "unitQuantity": 100,
          "unitQuantityUom": "g",
          "measureDescription": "100g"
        }
      },
      "categoryTrees": [
        {
          "level0": "Pets",
          "level1": "Pet Supplies",
          "level2": "Cat Food"
        }
      ],
      "cateredFlag": false
    },
    {
      "productId": "5313638-EA-000",
      "brand": "Dine",
      "name": "Classic Collection Fish Selection In Jelly Cat Food",
      "displayName": "12 X 85g",
      "availability": [
        "IN_STORE",
        "ONLINE"
      ],
      "saleType": "UNITS",
      "restrictedFlag": false,
      "liquorFlag": false,
      "tobaccoFlag": false,
      "originRegulated": false,
      "singlePrice": {
        "price": 1699,
        "promoId": "128891393",
        "comparativePrice": {
          "pricePerUnit": 167,
          "unitQuantity": 100,
          "unitQuantityUom": "g",
          "measureDescription": "100g"
        }
      },
      "promotions": [
        {
          "promoId": "128891393",
          "rewardValue": 1699,
          "decal": "7000",
          "sapType": "BASE",
          "rewardType": "NEW_PRICE",
          "threshold": 1,
          "limit": 0,
          "multiProducts": false,
          "cardDependencyFlag": false,
          "bestPromotion": true,
          "comparativePrice": {
            "pricePerUnit": 167,
            "unitQuantity": 100,
            "unitQuantityUom": "g",
            "measureDescription": "100g"
          }
        }
      ],
      "categoryTrees": [
        {
          "level0": "Pets",
          "level1": "Pet Supplies",
          "level2": "Cat Food"
        }
      ],
      "cateredFlag": false
    },
    {
      "productId": "5313636-EA-000",
      "brand": "Dine",
      "name": "Classic Collection Succelent Selection In Gravy Cat Food",
      "displayName": "12 X 85g",
      "availability": [
        "IN_STORE",
        "ONLINE"
      ],
      "saleType": "UNITS",
      "restrictedFlag": false,
      "liquorFlag": false,
      "tobaccoFlag": false,
      "originRegulated": false,
      "singlePrice": {
        "price": 1699,
        "promoId": "128891393",
        "comparativePrice": {
          "pricePerUnit": 167,
          "unitQuantity": 100,
          "unitQuantityUom": "g",
          "measureDescription": "100g"
        }
      },
      "promotions": [
        {
          "promoId": "128891393",
          "rewardValue": 1699,
          "decal": "7000",
          "sapType": "BASE",
          "rewardType": "NEW_PRICE",
          "threshold": 1,
          "limit": 0,
          "multiProducts": false,
          "cardDependencyFlag": false,
          "bestPromotion": true,
          "comparativePrice": {
            "pricePerUnit": 167,
            "unitQuantity": 100,
            "unitQuantityUom": "g",
            "measureDescription": "100g"
          }
        }
      ],
      "categoryTrees": [
        {
          "level0": "Pets",
          "level1": "Pet Supplies",
          "level2": "Cat Food"
        }
      ],
      "cateredFlag": false
    },
    {
      "productId": "5311893-EA-000",
      "brand": "Superior",
      "name": "Original Chunky Dog Food",
      "displayName": "2kg",
      "availability": [
        "IN_STORE",
        "ONLINE"
      ],
      "saleType": "UNITS",
      "restrictedFlag": false,
      "liquorFlag": false,
      "tobaccoFlag": false,
      "originRegulated": false,
      "singlePrice": {
        "price": 999,
        "promoId": "128929251",
        "comparativePrice": {
          "pricePerUnit": 50,
          "unitQuantity": 100,
          "unitQuantityUom": "g",
          "measureDescription": "100g"
        }
      },
      "promotions": [
        {
          "promoId": "128929251",
          "rewardValue": 999,
          "decal": "6000",
          "sapType": "BASE",
          "rewardType": "NEW_PRICE",
          "threshold": 1,
          "limit": 0,
          "multiProducts": false,
          "cardDependencyFlag": false,
          "bestPromotion": true,
          "comparativePrice": {
            "pricePerUnit": 50,
            "unitQuantity": 100,
            "unitQuantityUom": "g",
            "measureDescription": "100g"
          }
        }
      ],
      "categoryTrees": [
        {
          "level0": "Pets",
          "level1": "Pet Supplies",
          "level2": "Dog Food"
        }
      ],
      "cateredFlag": false
    },
    {
      "productId": "5311409-EA-000",
      "brand": "Superior",
      "name": "Lamb & Rice Chunky Dog Food",
      "displayName": "2kg",
      "availability": [
        "IN_STORE",
        "ONLINE"
      ],
      "saleType": "UNITS",
      "restrictedFlag": false,
      "liquorFlag": false,
      "tobaccoFlag": false,
      "originRegulated": false,
      "singlePrice": {
        "price": 999,
        "promoId": "128929251",
        "comparativePrice": {
          "pricePerUnit": 50,
          "unitQuantity": 100,
          "unitQuantityUom": "g",
          "measureDescription": "100g"
        }
      },
      "promotions": [
        {
          "promoId": "128929251",
          "rewardValue": 999,
          "decal": "6000",
          "sapType": "BASE",
          "rewardType": "NEW_PRICE",
          "threshold": 1,
          "limit": 0,
          "multiProducts": false,
          "cardDependencyFlag": false,
          "bestPromotion": true,
          "comparativePrice": {
            "pricePerUnit": 50,
            "unitQuantity": 100,
            "unitQuantityUom": "g",
            "measureDescription": "100g"
          }
        }
      ],
      "categoryTrees": [
        {
          "level0": "Pets",
          "level1": "Pet Supplies",
          "level2": "Dog Food"
        }
      ],
      "cateredFlag": false
    },
    {
      "productId": "5311260-EA-000",
      "brand": "Superior",
      "name": "Chicken Chunky Dog Food",
      "displayName": "2kg",
      "availability": [
        "IN_STORE",
        "ONLINE"
      ],
      "saleType": "UNITS",
      "restrictedFlag": false,
      "liquorFlag": false,
      "tobaccoFlag": false,
      "originRegulated": false,
      "singlePrice": {
        "price": 999,
        "promoId": "128929251",
        "comparativePrice": {
          "pricePerUnit": 50,
          "unitQuantity": 100,
          "unitQuantityUom": "g",
          "measureDescription": "100g"
        }
      },
      "promotions": [
        {
          "promoId": "128929251",
          "rewardValue": 999,
          "decal": "6000",
          "sapType": "BASE",
          "rewardType": "NEW_PRICE",
          "threshold": 1,
          "limit": 0,
          "multiProducts": false,
          "cardDependencyFlag": false,
          "bestPromotion": true,
          "comparativePrice": {
            "pricePerUnit": 50,
            "unitQuantity": 100,
            "unitQuantityUom": "g",
            "measureDescription": "100g"
          }
        }
      ],
      "categoryTrees": [
        {
          "level0": "Pets",
          "level1": "Pet Supplies",
          "level2": "Dog Food"
        }
      ],
      "cateredFlag": false
    },
    {
      "productId": "5310908-EA-000",
      "brand": "Fussy Cat",
      "name": "Grainfree Chunky New Zealand Beef Mince Adult Cat Food",
      "displayName": "400g",
      "availability": [
        "IN_STORE",
        "ONLINE"
      ],
      "saleType": "UNITS",
      "restrictedFlag": false,
      "liquorFlag": false,
      "tobaccoFlag": false,
      "originRegulated": false,
      "singlePrice": {
        "price": 679,
        "promoId": "128943157",
        "comparativePrice": {
          "pricePerUnit": 170,
          "unitQuantity": 100,
          "unitQuantityUom": "g",
          "measureDescription": "100g"
        }
      },
      "promotions": [
        {
          "promoId": "128943157",
          "rewardValue": 679,
          "decal": "6000",
          "sapType": "BASE",
          "rewardType": "NEW_PRICE",
          "threshold": 1,
          "limit": 0,
          "multiProducts": false,
          "cardDependencyFlag": false,
          "bestPromotion": true,
          "comparativePrice": {
            "pricePerUnit": 170,
            "unitQuantity": 100,
            "unitQuantityUom": "g",
            "measureDescription": "100g"
          }
        }
      ],
      "categoryTrees": [
        {
          "level0": "Pets",
          "level1": "Pet Supplies",
          "level2": "Cat Food"
        }
      ],
      "cateredFlag": false
    },
    {
      "productId": "5310907-EA-000",
      "brand": "Fussy Cat",
      "name": "Grainfree Chunky New Zealand Lamb Mince Adult Cat Food",
      "displayName": "400g",
      "availability": [
        "IN_STORE",
        "ONLINE"
      ],
      "saleType": "UNITS",
      "restrictedFlag": false,
      "liquorFlag": false,
      "tobaccoFlag": false,
      "originRegulated": false,
      "singlePrice": {
        "price": 679,
        "promoId": "128943157",
        "comparativePrice": {
          "pricePerUnit": 170,
          "unitQuantity": 100,
          "unitQuantityUom": "g",
          "measureDescription": "100g"
        }
      },
      "promotions": [
        {
          "promoId": "128943157",
          "rewardValue": 679,
          "decal": "6000",
          "sapType": "BASE",
          "rewardType": "NEW_PRICE",
          "threshold": 1,
          "limit": 0,
          "multiProducts": false,
          "cardDependencyFlag": false,
          "bestPromotion": true,
          "comparativePrice": {
            "pricePerUnit": 170,
            "unitQuantity": 100,
            "unitQuantityUom": "g",
            "measureDescription": "100g"
          }
        }
      ],
      "categoryTrees": [
        {
          "level0": "Pets",
          "level1": "Pet Supplies",
          "level2": "Cat Food"
        }
      ],
      "cateredFlag": false
    },
    {
      "productId": "5310906-EA-000",
      "brand": "Ranchmans",
      "name": "Beef & Lamb Premium Dog Food",
      "displayName": "2.2kg",
      "availability": [
        "IN_STORE",
        "ONLINE"
      ],
      "saleType": "UNITS",
      "restrictedFlag": false,
      "liquorFlag": false,
      "tobaccoFlag": false,
      "originRegulated": false,
      "singlePrice": {
        "price": 1309,
        "comparativePrice": {
          "pricePerUnit": 60,
          "unitQuantity": 100,
          "unitQuantityUom": "g",
          "measureDescription": "100g"
        }
      },
      "categoryTrees": [
        {
          "level0": "Pets",
          "level1": "Pet Supplies",
          "level2": "Dog Food"
        }
      ],
      "cateredFlag": false
    },
    {
      "productId": "5307062-EA-000",
      "brand": "Dine",
      "name": "Classic Collection Saucy Morsels Fish Selection Wet Cat Food",
      "displayName": "14 x 85g",
      "availability": [
        "IN_STORE",
        "ONLINE"
      ],
      "saleType": "UNITS",
      "restrictedFlag": false,
      "liquorFlag": false,
      "tobaccoFlag": false,
      "originRegulated": false,
      "singlePrice": {
        "price": 1999,
        "promoId": "128891397",
        "comparativePrice": {
          "pricePerUnit": 168,
          "unitQuantity": 100,
          "unitQuantityUom": "g",
          "measureDescription": "100g"
        }
      },
      "promotions": [
        {
          "promoId": "128891397",
          "rewardValue": 1999,
          "decal": "7000",
          "sapType": "BASE",
          "rewardType": "NEW_PRICE",
          "threshold": 1,
          "limit": 0,
          "multiProducts": false,
          "cardDependencyFlag": false,
          "bestPromotion": true,
          "comparativePrice": {
            "pricePerUnit": 168,
            "unitQuantity": 100,
            "unitQuantityUom": "g",
            "measureDescription": "100g"
          }
        }
      ],
      "categoryTrees": [
        {
          "level0": "Pets",
          "level1": "Pet Supplies",
          "level2": "Cat Food"
        }
      ],
      "cateredFlag": false
    },
    {
      "productId": "5306450-EA-000",
      "brand": "VitaPet",
      "name": "Chewz Chewin' Bone With Chicken Paste Rawhide Alternative",
      "displayName": "1EA",
      "availability": [
        "IN_STORE",
        "ONLINE"
      ],
      "saleType": "UNITS",
      "restrictedFlag": false,
      "liquorFlag": false,
      "tobaccoFlag": false,
      "originRegulated": false,
      "singlePrice": {
        "price": 249,
        "promoId": "128943296"
      },
      "promotions": [
        {
          "promoId": "128943296",
          "rewardValue": 249,
          "decal": "6000",
          "sapType": "BASE",
          "rewardType": "NEW_PRICE",
          "threshold": 1,
          "limit": 0,
          "multiProducts": false,
          "cardDependencyFlag": false,
          "bestPromotion": true
        }
      ],
      "categoryTrees": [
        {
          "level0": "Pets",
          "level1": "Pet Supplies",
          "level2": "Dog Treats"
        }
      ],
      "cateredFlag": false
    },
    {
      "productId": "5306449-EA-000",
      "brand": "VitaPet",
      "name": "Chewz Chewin' Roll With Chicken Paste Rawhide Alternative",
      "displayName": "1EA",
      "availability": [
        "IN_STORE",
        "ONLINE"
      ],
      "saleType": "UNITS",
      "restrictedFlag": false,
      "liquorFlag": false,
      "tobaccoFlag": false,
      "originRegulated": false,
      "singlePrice": {
        "price": 249,
        "promoId": "128943296"
      },
      "promotions": [
        {
          "promoId": "128943296",
          "rewardValue": 249,
          "decal": "6000",
          "sapType": "BASE",
          "rewardType": "NEW_PRICE",
          "threshold": 1,
          "limit": 0,
          "multiProducts": false,
          "cardDependencyFlag": false,
          "bestPromotion": true
        }
      ],
      "categoryTrees": [
        {
          "level0": "Pets",
          "level1": "Pet Supplies",
          "level2": "Dog Treats"
        }
      ],
      "cateredFlag": false
    },
    {
      "productId": "5306448-EA-000",
      "brand": "Dine",
      "name": "Pulled Menu Gravy Indulgence With Tuna Wet Cat Food",
      "displayName": "7 x 85g",
      "availability": [
        "IN_STORE",
        "ONLINE"
      ],
      "saleType": "UNITS",
      "restrictedFlag": false,
      "liquorFlag": false,
      "tobaccoFlag": false,
      "originRegulated": false,
      "singlePrice": {
        "price": 1099,
        "promoId": "128891400",
        "comparativePrice": {
          "pricePerUnit": 185,
          "unitQuantity": 100,
          "unitQuantityUom": "g",
          "measureDescription": "100g"
        }
      },
      "promotions": [
        {
          "promoId": "128891400",
          "rewardValue": 1099,
          "decal": "7000",
          "sapType": "BASE",
          "rewardType": "NEW_PRICE",
          "threshold": 1,
          "limit": 0,
          "multiProducts": false,
          "cardDependencyFlag": false,
          "bestPromotion": true,
          "comparativePrice": {
            "pricePerUnit": 185,
            "unitQuantity": 100,
            "unitQuantityUom": "g",
            "measureDescription": "100g"
          }
        }
      ],
      "categoryTrees": [
        {
          "level0": "Pets",
          "level1": "Pet Supplies",
          "level2": "Cat Food"
        }
      ],
      "cateredFlag": false
    },
    {
      "productId": "5306447-EA-000",
      "brand": "Dine",
      "name": "Classic Collection Slices Poultry Selection Wet Cat Food",
      "displayName": "14 x 85g",
      "availability": [
        "IN_STORE",
        "ONLINE"
      ],
      "saleType": "UNITS",
      "restrictedFlag": false,
      "liquorFlag": false,
      "tobaccoFlag": false,
      "originRegulated": false,
      "singlePrice": {
        "price": 1999,
        "promoId": "128891397",
        "comparativePrice": {
          "pricePerUnit": 168,
          "unitQuantity": 100,
          "unitQuantityUom": "g",
          "measureDescription": "100g"
        }
      },
      "promotions": [
        {
          "promoId": "128891397",
          "rewardValue": 1999,
          "decal": "7000",
          "sapType": "BASE",
          "rewardType": "NEW_PRICE",
          "threshold": 1,
          "limit": 0,
          "multiProducts": false,
          "cardDependencyFlag": false,
          "bestPromotion": true,
          "comparativePrice": {
            "pricePerUnit": 168,
            "unitQuantity": 100,
            "unitQuantityUom": "g",
            "measureDescription": "100g"
          }
        }
      ],
      "categoryTrees": [
        {
          "level0": "Pets",
          "level1": "Pet Supplies",
          "level2": "Cat Food"
        }
      ],
      "cateredFlag": false
    },
    {
      "productId": "5306079-EA-000",
      "brand": "Dine",
      "name": "Pulled Menu With Salmon Wet Cat Food",
      "displayName": "85g",
      "availability": [
        "IN_STORE",
        "ONLINE"
      ],
      "saleType": "UNITS",
      "restrictedFlag": false,
      "liquorFlag": false,
      "tobaccoFlag": false,
      "originRegulated": false,
      "singlePrice": {
        "price": 159,
        "comparativePrice": {
          "pricePerUnit": 187,
          "unitQuantity": 100,
          "unitQuantityUom": "g",
          "measureDescription": "100g"
        }
      },
      "categoryTrees": [
        {
          "level0": "Pets",
          "level1": "Pet Supplies",
          "level2": "Cat Food"
        }
      ],
      "cateredFlag": false
    },
    {
      "productId": "5306078-EA-000",
      "brand": "Dine",
      "name": "Pulled Menu Gravy Indulgence With Chicken Wet Cat Food",
      "displayName": "85g",
      "availability": [
        "IN_STORE",
        "ONLINE"
      ],
      "saleType": "UNITS",
      "restrictedFlag": false,
      "liquorFlag": false,
      "tobaccoFlag": false,
      "originRegulated": false,
      "singlePrice": {
        "price": 159,
        "comparativePrice": {
          "pricePerUnit": 187,
          "unitQuantity": 100,
          "unitQuantityUom": "g",
          "measureDescription": "100g"
        }
      },
      "categoryTrees": [
        {
          "level0": "Pets",
          "level1": "Pet Supplies",
          "level2": "Cat Food"
        }
      ],
      "cateredFlag": false
    },
    {
      "productId": "5306076-EA-000",
      "brand": "Dine",
      "name": "Pulled Menu With Chicken Wet Cat Food",
      "displayName": "7 x 85g",
      "availability": [
        "IN_STORE",
        "ONLINE"
      ],
      "saleType": "UNITS",
      "restrictedFlag": false,
      "liquorFlag": false,
      "tobaccoFlag": false,
      "originRegulated": false,
      "singlePrice": {
        "price": 1099,
        "promoId": "128891400",
        "comparativePrice": {
          "pricePerUnit": 185,
          "unitQuantity": 100,
          "unitQuantityUom": "g",
          "measureDescription": "100g"
        }
      },
      "promotions": [
        {
          "promoId": "128891400",
          "rewardValue": 1099,
          "decal": "7000",
          "sapType": "BASE",
          "rewardType": "NEW_PRICE",
          "threshold": 1,
          "limit": 0,
          "multiProducts": false,
          "cardDependencyFlag": false,
          "bestPromotion": true,
          "comparativePrice": {
            "pricePerUnit": 185,
            "unitQuantity": 100,
            "unitQuantityUom": "g",
            "measureDescription": "100g"
          }
        }
      ],
      "categoryTrees": [
        {
          "level0": "Pets",
          "level1": "Pet Supplies",
          "level2": "Cat Food"
        }
      ],
      "cateredFlag": false
    },
    {
      "productId": "5304756-EA-000",
      "brand": "Pedigree",
      "name": "Dentastix Medium Dog Daily Oral Care Dog Treats",
      "displayName": "56pk",
      "availability": [
        "IN_STORE",
        "ONLINE"
      ],
      "saleType": "UNITS",
      "restrictedFlag": false,
      "liquorFlag": false,
      "tobaccoFlag": false,
      "originRegulated": false,
      "singlePrice": {
        "price": 3499,
        "comparativePrice": {
          "pricePerUnit": 6248,
          "unitQuantity": 100,
          "unitQuantityUom": " ",
          "measureDescription": "100"
        }
      },
      "categoryTrees": [
        {
          "level0": "Pets",
          "level1": "Pet Supplies",
          "level2": "Dog Treats"
        }
      ],
      "cateredFlag": false
    }
  ],
  "algoliaSearchResult": {
    "facets": {
      "brand": {
        "VitaPet": 48,
        "Whiskas": 37,
        "Dine": 30,
        "Purina Fancy Feast": 26,
        "Chef": 23,
        "Fussy Cat": 19,
        "Temptations": 16,
        "Pedigree": 15,
        "Purina ONE": 15,
        "Jimbo's": 14,
        "Pams": 13,
        "My Dog": 12,
        "Purina Oscar": 12,
        "Value": 11,
        "Purina TUX": 10,
        "Schmackos": 10,
        "Purina Friskies": 9,
        "Farmers Market": 7,
        "IAMS": 6,
        "Perfect": 6,
        "Butch": 5,
        "Natures Goodness": 5,
        "Superior": 5,
        "Love'em": 4,
        "Nature's Gift": 4,
        "Animals Like Us": 3,
        "Optimum": 3,
        "Purina": 3,
        "V.I.P Petfoods": 3,
        "Vamoose": 3,
        "Love Em": 2,
        "Possyum": 2,
        "Purina Cat Chow": 2,
        "Wag": 2,
        "Champ": 1,
        "Ecopack": 1,
        "Fackelmann": 1,
        "Hound Log": 1,
        "Purina Kitten Chow": 1,
        "Ranchmans": 1,
        "Tasti": 1
      },
      "category1NI": {
        "Pet Supplies": 392,
        "Pams": 2
      },
      "onPromotion": {
        "90082979-fb9f-4305-9c72-83274fc438cc": 157,
        "61dd754e-8525-4b9e-9e08-173389eea8a8": 146,
        "b29a98bd-749c-489c-9eef-6aa38e66a29b": 145,
        "be4c4780-218e-425a-a90f-63e21773572b": 144,
        "c180a72d-5dbe-4403-b7c7-91655e505492": 143,
        "c3f9e1a3-fc34-452d-af2e-95349e666ba4": 143,
        "3c5e3145-0767-4066-9349-6c0a1313acc5": 142,
        "5cf0392f-c187-4fc4-a463-eb269d2e8f45": 142,
        "2ed73be8-936d-4f35-9398-75a707f40a7b": 139,
        "21ecaaed-0749-4492-985e-4bb7ba43d59c": 138,
        "dbca5e00-f7f9-43ae-91de-031ad16f8a92": 135,
        "4a279605-eaa8-470d-bcd4-0a9e3c9ab43b": 132,
        "3404c253-577f-45ca-b301-c98312e46efb": 131,
        "715f0e22-95e0-45ce-af3a-07057209976e": 131,
        "8cd700ae-d96f-4761-bd7a-805d6b93536d": 130,
        "d8032da3-c1b9-456e-b626-41ce21f8c67b": 129,
        "3bb30799-82ce-4648-8c02-5113228963ed": 126,
        "c2204dae-579e-4b6b-9d42-2e13ceaa6031": 122,
        "64eab5b1-8d79-45f4-94f1-02b8cf8b6202": 120,
        "53989945-1a28-481d-a61c-d6f75f760ada": 117,
        "15e6f441-5c1c-4d25-b4ec-1adf918c49c7": 115,
        "8f0d70be-5cb7-464b-99cb-8b0130671895": 115,
        "92086ded-a55d-4241-a364-7d7ea91531b4": 114,
        "6e6809dd-01bc-45c9-aab1-f01ccd8338b0": 111,
        "d6d39eea-889d-4e20-923c-55cab225cf7f": 109,
        "65defcf2-bc15-490e-a84f-1f13b769cd22": 107,
        "a7d09522-bee2-41e4-8fe0-0b82b7f342f5": 106,
        "b2e98a14-c8ca-401e-99ed-edf74570c6f6": 106,
        "1c388d5e-29ac-4956-b476-cb3431353d2e": 104,
        "e1925ea7-01bc-4358-ae7c-c6502da5ab12": 103,
        "01a114de-149c-4f5f-80a1-90cc63f69c6e": 99,
        "5f167936-79ae-4f6a-b9d2-74afe1bb096b": 97,
        "4fcc1c8e-cc5e-4675-ba25-5e56b579cf69": 95,
        "49037947-e450-49bf-ba1f-a94551c79a72": 92,
        "714431ab-6e39-4df6-ac77-cfc5c1e25bc8": 91,
        "6cda96e1-7d29-44a6-956b-3fcfdecc8184": 90,
        "48dd98cc-a757-4102-b15d-ea82b4b10571": 89,
        "b92cc33f-b5a8-4b57-9b82-412946800020": 89,
        "d1cd1fdd-8767-46a6-a8d3-c3e0632c2dc8": 87,
        "7d48a781-4f68-4c91-a908-8659e1b22f95": 84,
        "33d8d6fc-861a-45ff-9937-5ccdb55eaede": 82,
        "529d66cc-60e3-432e-b8d1-efc9f2ec4919": 81,
        "6c73764e-b8e6-4e55-ad37-f6a9d207da1f": 81,
        "60561e46-ece7-43a7-b142-9b14812586e4": 79,
        "3bfe040b-f0c9-45e0-949b-b9ad5a591d55": 71,
        "b83029b6-5dd5-449e-8056-26f3943a4e18": 66,
        "b39562a4-2b72-43fe-b9ba-eda1d651ad0b": 62,
        "076e8177-943b-41fc-a885-ba3d28297acf": 55,
        "3e82142c-78dc-46f3-82ec-28e65fcf84c9": 51,
        "98ec3885-ac93-4fcb-807b-59c9055c52c4": 51,
        "af385423-d0f1-41f0-9482-ffd10b745143": 45,
        "c0f80e87-16be-4488-9553-da437e8c6c2a": 45,
        "50b1216b-d066-4457-b88b-9bccf97bf6d3": 44,
        "94ef1985-cab1-4b39-a2f3-230120f03c16": 44,
        "9cd8eb60-3222-4efc-bd7c-50e03e6a81a4": 36
      },
      "productFacets": {
        "Non-GMO": 66,
        "Low Sugar": 13,
        "Gluten Free": 10,
        "Dairy Free": 9,
        "Low Salt": 4,
        "Cage Free": 3,
        "Low Fat": 3,
        "Free Range": 2
      }
    }
  },
  "totalHits": 392,
  "page": 6,
  "totalPages": 8,
  "hitsPerPage": 50
}
