{
  "tobaccoProducts": false,
  "products": [
    {
      "productId": "5023660-EA-000",
      "brand": "Pams",
      "name": "Pure Butter",
      "displayName": "500g",
      "availability": [
        "IN_STORE",
        "ONLINE"
      ],
      "saleType": "UNITS",
      "restrictedFlag": false,
      "liquorFlag": false,
      "tobaccoFlag": false,
      "originRegulated": false,
      "singlePrice": {
        "price": 629,
        "comparativePrice": {
          "pricePerUnit": 126,
          "unitQuantity": 100,
          "unitQuantityUom": "g",
          "measureDescription": "100g"
        }
      },
      "facets": [
        {
          "itemCode": "00020002",
          "itemDescription": "Halal"
        },
        {
          "itemCode": "00020012",
          "itemDescription": "Non-GMO"
        }
      ],
      "categoryTrees": [
        {
          "level0": "Fresh Foods & Bakery",
          "level1": "Dairy & Eggs",
          "level2": "Butter & Spreads"
        },
        {
          "level0": "Chilled, Frozen & Desserts",
          "level1": "Dairy & Eggs",
          "level2": "Butter & Spreads"
        },
        {
          "level0": "Featured",
          "level1": "Pams",
          "level2": "Dairy & Eggs"
        }
      ],
      "cateredFlag": false
    },
    {
      "productId": "5201479-EA-000",
      "brand": "Pams Value",
      "name": "Standard Milk",
      "displayName": "2l",
      "availability": [
        "IN_STORE",
        "ONLINE"
      ],
      "saleType": "UNITS",
      "restrictedFlag": false,
      "liquorFlag": false,
      "tobaccoFlag": false,
      "originRegulated": false,
      "singlePrice": {
        "price": 400,
        "comparativePrice": {
          "pricePerUnit": 200,
          "unitQuantity": 1,
          "unitQuantityUom": "L",
          "measureDescription": "1L"
        }
      },
      "facets": [
        {
          "itemCode": "00020012",
          "itemDescription": "Non-GMO"
        }
      ],
      "categoryTrees": [
        {
          "level0": "Fresh Foods & Bakery",
          "level1": "Dairy & Eggs",
          "level2": "Fresh Milk"
        },
        {
          "level0": "Chilled, Frozen & Desserts",
          "level1": "Dairy & Eggs",
          "level2": "Fresh Milk"
        }
      ],
      "cateredFlag": false
    },
    {
      "productId": "5201490-EA-000",
      "brand": "Pams Value",
      "name": "Standard Milk",
      "displayName": "3l",
      "availability": [
        "IN_STORE",
        "ONLINE"
      ],
      "saleType": "UNITS",
      "restrictedFlag": false,
      "liquorFlag": false,
      "tobaccoFlag": false,
      "originRegulated": false,
      "singlePrice": {
        "price": 606,
        "comparativePrice": {
          "pricePerUnit": 202,
          "unitQuantity": 1,
          "unitQuantityUom": "L",
          "measureDescription": "1L"
        }
      },
      "facets": [
        {
          "itemCode": "00020012",
          "itemDescription": "Non-GMO"
        }
      ],
      "categoryTrees": [
        {
          "level0": "Fresh Foods & Bakery",
          "level1": "Dairy & Eggs",
          "level2": "Fresh Milk"
        },
        {
          "level0": "Chilled, Frozen & Desserts",
          "level1": "Dairy & Eggs",
          "level2": "Fresh Milk"
        }
      ],
      "cateredFlag": false
    },
    {
      "productId": "5201487-EA-000",
      "brand": "Pams Value",
      "name": "Lite Milk",
      "displayName": "2l",
      "availability": [
        "IN_STORE",
        "ONLINE"
      ],
      "saleType": "UNITS",
      "restrictedFlag": false,
      "liquorFlag": false,
      "tobaccoFlag": false,
      "originRegulated": false,
      "singlePrice": {
        "price": 400,
        "comparativePrice": {
          "pricePerUnit": 200,
          "unitQuantity": 1,
          "unitQuantityUom": "L",
          "measureDescription": "1L"
        }
      },
      "facets": [
        {
          "itemCode": "00020012",
          "itemDescription": "Non-GMO"
        }
      ],
      "categoryTrees": [
        {
          "level0": "Fresh Foods & Bakery",
          "level1": "Dairy & Eggs",
          "level2": "Fresh Milk"
        },
        {
          "level0": "Chilled, Frozen & Desserts",
          "level1": "Dairy & Eggs",
          "level2": "Fresh Milk"
        }
      ],
      "cateredFlag": false
    },
    {
      "productId": "5040641-EA-000",
      "brand": "Pams",
      "name": "Fresh Cream",
      "displayName": "500ml",
      "availability": [
        "IN_STORE",
        "ONLINE"
      ],
      "saleType": "UNITS",
      "restrictedFlag": false,
      "liquorFlag": false,
      "tobaccoFlag": false,
      "originRegulated": false,
      "singlePrice": {
        "price": 415,
        "comparativePrice": {
          "pricePerUnit": 830,
          "unitQuantity": 1,
          "unitQuantityUom": "L",
          "measureDescription": "1L"
        }
      },
      "facets": [
        {
          "itemCode": "00020012",
          "itemDescription": "Non-GMO"
        }
      ],
      "categoryTrees": [
        {
          "level0": "Fresh Foods & Bakery",
          "level1": "Dairy & Eggs",
          "level2": "Fresh Cream"
        },
        {
          "level0": "Chilled, Frozen & Desserts",
          "level1": "Dairy & Eggs",
          "level2": "Fresh Cream"
        }
      ],
      "cateredFlag": false
    },
    {
      "productId": "5028852-EA-000",
      "brand": "Pams",
      "name": "Fresh Cream",
      "displayName": "300ml",
      "availability": [
        "IN_STORE",
        "ONLINE"
      ],
      "saleType": "UNITS",
      "restrictedFlag": false,
      "liquorFlag": false,
      "tobaccoFlag": false,
      "originRegulated": false,
      "singlePrice": {
        "price": 280,
        "comparativePrice": {
          "pricePerUnit": 933,
          "unitQuantity": 1,
          "unitQuantityUom": "L",
          "measureDescription": "1L"
        }
      },
      "facets": [
        {
          "itemCode": "00020012",
          "itemDescription": "Non-GMO"
        }
      ],
      "categoryTrees": [
        {
          "level0": "Fresh Foods & Bakery",
          "level1": "Dairy & Eggs",
          "level2": "Fresh Cream"
        },
        {
          "level0": "Chilled, Frozen & Desserts",
          "level1": "Dairy & Eggs",
          "level2": "Fresh Cream"
        }
      ],
      "cateredFlag": false
    },
    {
      "productId": "5268694-EA-000",
      "brand": "Pams",
      "name": "Edam Cheese",
      "displayName": "1kg",
      "availability": [
        "IN_STORE",
        "ONLINE"
      ],
      "saleType": "UNITS",
      "restrictedFlag": false,
      "liquorFlag": false,
      "tobaccoFlag": false,
      "originRegulated": false,
      "singlePrice": {
        "price": 899,
        "promoId": "128773001",
        "comparativePrice": {
          "pricePerUnit": 90,
          "unitQuantity": 100,
          "unitQuantityUom": "g",
          "measureDescription": "100g"
        }
      },
      "promotions": [
        {
          "promoId": "128773001",
          "rewardValue": 899,
          "decal": "7000",
          "sapType": "BASE",
          "rewardType": "NEW_PRICE",
          "threshold": 1,
          "limit": 0,
          "multiProducts": false,
          "cardDependencyFlag": false,
          "bestPromotion": true,
          "comparativePrice": {
            "pricePerUnit": 90,
            "unitQuantity": 100,
            "unitQuantityUom": "g",
            "measureDescription": "100g"
          }
        }
      ],
      "facets": [
        {
          "itemCode": "00020014",
          "itemDescription": "Vegetarian"
        },
        {
          "itemCode": "00020012",
          "itemDescription": "Non-GMO"
        }
      ],
      "categoryTrees": [
        {
          "level0": "Chilled, Frozen & Desserts",
          "level1": "Cheese",
          "level2": "Cheese Blocks"
        },
        {
          "level0": "Featured",
          "level1": "Pams",
          "level2": "Cheese"
        }
      ],
      "cateredFlag": false
    },
    {
      "productId": "5094652-EA-000",
      "brand": "Pams Value",
      "name": "Table Spread",
      "displayName": "500g",
      "availability": [
        "IN_STORE",
        "ONLINE"
      ],
      "saleType": "UNITS",
      "restrictedFlag": false,
      "liquorFlag": false,
      "tobaccoFlag": false,
      "originRegulated": false,
      "singlePrice": {
        "price": 149,
        "promoId": "128747398",
        "comparativePrice": {
          "pricePerUnit": 30,
          "unitQuantity": 100,
          "unitQuantityUom": "g",
          "measureDescription": "100g"
        }
      },
      "promotions": [
        {
          "promoId": "128747398",
          "rewardValue": 149,
          "decal": "7000",
          "sapType": "BASE",
          "rewardType": "NEW_PRICE",
          "threshold": 1,
          "limit": 0,
          "multiProducts": false,
          "cardDependencyFlag": false,
          "bestPromotion": true,
          "comparativePrice": {
            "pricePerUnit": 30,
            "unitQuantity": 100,
            "unitQuantityUom": "g",
            "measureDescription": "100g"
          }
        }
      ],
      "facets": [
        {
          "itemCode": "00020007",
          "itemDescription": "Dairy Free"
        },
        {
          "itemCode": "00020012",
          "itemDescription": "Non-GMO"
        }
      ],
      "categoryTrees": [
        {
          "level0": "Fresh Foods & Bakery",
          "level1": "Dairy & Eggs",
          "level2": "Butter & Spreads"
        },
        {
          "level0": "Chilled, Frozen & Desserts",
          "level1": "Dairy & Eggs",
          "level2": "Butter & Spreads"
        },
        {
          "level0": "Featured",
          "level1": "Pams",
          "level2": "Dairy & Eggs"
        }
      ],
      "cateredFlag": false
    },
    {
      "productId": "5000527-EA-000",
      "brand": "Anchor",
      "name": "Blue Milk",
      "displayName": "2l",
      "availability": [
        "IN_STORE",
        "ONLINE"
      ],
      "saleType": "UNITS",
      "restrictedFlag": false,
      "liquorFlag": false,
      "tobaccoFlag": false,
      "originRegulated": false,
      "singlePrice": {
        "price": 514,
        "comparativePrice": {
          "pricePerUnit": 257,
          "unitQuantity": 1,
          "unitQuantityUom": "L",
          "measureDescription": "1L"
        }
      },
      "facets": [
        {
          "itemCode": "00020012",
          "itemDescription": "Non-GMO"
        }
      ],
      "categoryTrees": [
        {
          "level0": "Fresh Foods & Bakery",
          "level1": "Dairy & Eggs",
          "level2": "Fresh Milk"
        },
        {
          "level0": "Chilled, Frozen & Desserts",
          "level1": "Dairy & Eggs",
          "level2": "Fresh Milk"
        }
      ],
      "cateredFlag": false
    },
    {
      "productId": "5268695-EA-000",
      "brand": "Pams",
      "name": "Colby Cheese",
      "displayName": "1kg",
      "availability": [
        "IN_STORE",
        "ONLINE"
      ],
      "saleType": "UNITS",
      "restrictedFlag": false,
      "liquorFlag": false,
      "tobaccoFlag": false,
      "originRegulated": false,
      "singlePrice": {
        "price": 899,
        "promoId": "128773001",
        "comparativePrice": {
          "pricePerUnit": 90,
          "unitQuantity": 100,
          "unitQuantityUom": "g",
          "measureDescription": "100g"
        }
      },
      "promotions": [
        {
          "promoId": "128773001",
          "rewardValue": 899,
          "decal": "7000",
          "sapType": "BASE",
          "rewardType": "NEW_PRICE",
          "threshold": 1,
          "limit": 0,
          "multiProducts": false,
          "cardDependencyFlag": false,
          "bestPromotion": true,
          "comparativePrice": {
            "pricePerUnit": 90,
            "unitQuantity": 100,
            "unitQuantityUom": "g",
            "measureDescription": "100g"
          }
        }
      ],
      "facets": [
        {
          "itemCode": "00020014",
          "itemDescription": "Vegetarian"
        },
        {
          "itemCode": "00020012",
          "itemDescription": "Non-GMO"
        }
      ],
      "categoryTrees": [
        {
          "level0": "Chilled, Frozen & Desserts",
          "level1": "Cheese",
          "level2": "Cheese Blocks"
        },
        {
          "level0": "Featured",
          "level1": "Pams",
          "level2": "Cheese"
        }
      ],
      "cateredFlag": false
    },
    {
      "productId": "5201489-EA-000",
      "brand": "Pams Value",
      "name": "Lite Milk",
      "displayName": "3l",
      "availability": [
        "IN_STORE",
        "ONLINE"
      ],
      "saleType": "UNITS",
      "restrictedFlag": false,
      "liquorFlag": false,
      "tobaccoFlag": false,
      "originRegulated": false,
      "singlePrice": {
        "price": 606,
        "comparativePrice": {
          "pricePerUnit": 202,
          "unitQuantity": 1,
          "unitQuantityUom": "L",
          "measureDescription": "1L"
        }
      },
      "facets": [
        {
          "itemCode": "00020012",
          "itemDescription": "Non-GMO"
        }
      ],
      "categoryTrees": [
        {
          "level0": "Fresh Foods & Bakery",
          "level1": "Dairy & Eggs",
          "level2": "Fresh Milk"
        },
        {
          "level0": "Chilled, Frozen & Desserts",
          "level1": "Dairy & Eggs",
          "level2": "Fresh Milk"
        }
      ],
      "cateredFlag": false
    },
    {
      "productId": "5201800-EA-000",
      "brand": "Pams Value",
      "name": "Standard Milk",
      "displayName": "1l",
      "availability": [
        "IN_STORE",
        "ONLINE"
      ],
      "saleType": "UNITS",
      "restrictedFlag": false,
      "liquorFlag": false,
      "tobaccoFlag": false,
      "originRegulated": false,
      "singlePrice": {
        "price": 268,
        "comparativePrice": {
          "pricePerUnit": 268,
          "unitQuantity": 1,
          "unitQuantityUom": "L",
          "measureDescription": "1L"
        }
      },
      "facets": [
        {
          "itemCode": "00020012",
          "itemDescription": "Non-GMO"
        }
      ],
      "categoryTrees": [
        {
          "level0": "Fresh Foods & Bakery",
          "level1": "Dairy & Eggs",
          "level2": "Fresh Milk"
        },
        {
          "level0": "Chilled, Frozen & Desserts",
          "level1": "Dairy & Eggs",
          "level2": "Fresh Milk"
        }
      ],
      "cateredFlag": false
    },
    {
      "productId": "5002650-EA-000",
      "brand": "Anchor",
      "name": "Butter",
      "displayName": "500g",
      "availability": [
        "IN_STORE",
        "ONLINE"
      ],
      "saleType": "UNITS",
      "restrictedFlag": false,
      "liquorFlag": false,
      "tobaccoFlag": false,
      "originRegulated": false,
      "singlePrice": {
        "price": 889,
        "comparativePrice": {
          "pricePerUnit": 178,
          "unitQuantity": 100,
          "unitQuantityUom": "g",
          "measureDescription": "100g"
        }
      },
      "facets": [
        {
          "itemCode": "00020012",
          "itemDescription": "Non-GMO"
        }
      ],
      "categoryTrees": [
        {
          "level0": "Fresh Foods & Bakery",
          "level1": "Dairy & Eggs",
          "level2": "Butter & Spreads"
        },
        {
          "level0": "Chilled, Frozen & Desserts",
          "level1": "Dairy & Eggs",
          "level2": "Butter & Spreads"
        }
      ],
      "cateredFlag": false
    },
    {
      "productId": "5004752-EA-000",
      "brand": "Pams",
      "name": "Standard UHT Milk",
      "displayName": "1l",
      "availability": [
        "IN_STORE",
        "ONLINE"
      ],
      "saleType": "UNITS",
      "restrictedFlag": false,
      "liquorFlag": false,
      "tobaccoFlag": false,
      "originRegulated": false,
      "singlePrice": {
        "price": 199,
        "promoId": "128847951",
        "comparativePrice": {
          "pricePerUnit": 199,
          "unitQuantity": 1,
          "unitQuantityUom": "L",
          "measureDescription": "1L"
        }
      },
      "promotions": [
        {
          "promoId": "128847951",
          "rewardValue": 199,
          "decal": "7000",
          "sapType": "BASE",
          "rewardType": "NEW_PRICE",
          "threshold": 1,
          "limit": 0,
          "multiProducts": false,
          "cardDependencyFlag": false,
          "bestPromotion": true,
          "comparativePrice": {
            "pricePerUnit": 199,
            "unitQuantity": 1,
            "unitQuantityUom": "L",
            "measureDescription": "1L"
          }
        }
      ],
      "facets": [
        {
          "itemCode": "00020012",
          "itemDescription": "Non-GMO"
        }
      ],
      "categoryTrees": [
        {
          "level0": "Fresh Foods & Bakery",
          "level1": "Dairy & Eggs",
          "level2": "Long Life Milk & Milk Powder"
        },
        {
          "level0": "Chilled, Frozen & Desserts",
          "level1": "Dairy & Eggs",
          "level2": "Long Life Milk & Milk Powder"
        },
        {
          "level0": "Featured",
          "level1": "Pams",
          "level2": "Dairy & Eggs"
        }
      ],
      "cateredFlag": false
    },
    {
      "productId": "5016750-EA-000",
      "brand": "Anchor",
      "name": "Blue Milk",
      "displayName": "3l",
      "availability": [
        "IN_STORE",
        "ONLINE"
      ],
      "saleType": "UNITS",
      "restrictedFlag": false,
      "liquorFlag": false,
      "tobaccoFlag": false,
      "originRegulated": false,
      "singlePrice": {
        "price": 768,
        "comparativePrice": {
          "pricePerUnit": 256,
          "unitQuantity": 1,
          "unitQuantityUom": "L",
          "measureDescription": "1L"
        }
      },
      "facets": [
        {
          "itemCode": "00020012",
          "itemDescription": "Non-GMO"
        }
      ],
      "categoryTrees": [
        {
          "level0": "Fresh Foods & Bakery",
          "level1": "Dairy & Eggs",
          "level2": "Fresh Milk"
        },
        {
          "level0": "Chilled, Frozen & Desserts",
          "level1": "Dairy & Eggs",
          "level2": "Fresh Milk"
        }
      ],
      "cateredFlag": false
    },
    {
      "productId": "5026102-EA-000",
      "brand": "Anchor",
      "name": "Pure Cream",
      "displayName": "500ml",
      "availability": [
        "IN_STORE",
        "ONLINE"
      ],
      "saleType": "UNITS",
      "restrictedFlag": false,
      "liquorFlag": false,
      "tobaccoFlag": false,
      "originRegulated": false,
      "singlePrice": {
        "price": 441,
        "comparativePrice": {
          "pricePerUnit": 882,
          "unitQuantity": 1,
          "unitQuantityUom": "L",
          "measureDescription": "1L"
        }
      },
      "facets": [
        {
          "itemCode": "00020012",
          "itemDescription": "Non-GMO"
        }
      ],
      "categoryTrees": [
        {
          "level0": "Fresh Foods & Bakery",
          "level1": "Dairy & Eggs",
          "level2": "Fresh Cream"
        },
        {
          "level0": "Chilled, Frozen & Desserts",
          "level1": "Dairy & Eggs",
          "level2": "Fresh Cream"
        }
      ],
      "cateredFlag": false
    },
    {
      "productId": "5002667-EA-000",
      "brand": "Sunrise",
      "name": "Table spread",
      "displayName": "500g",
      "availability": [
        "IN_STORE",
        "ONLINE"
      ],
      "saleType": "UNITS",
      "restrictedFlag": false,
      "liquorFlag": false,
      "tobaccoFlag": false,
      "originRegulated": false,
      "singlePrice": {
        "price": 259,
        "promoId": "128942779",
        "comparativePrice": {
          "pricePerUnit": 52,
          "unitQuantity": 100,
          "unitQuantityUom": "g",
          "measureDescription": "100g"
        }
      },
      "promotions": [
        {
          "promoId": "128942779",
          "rewardValue": 259,
          "decal": "6000",
          "sapType": "BASE",
          "rewardType": "NEW_PRICE",
          "threshold": 1,
          "limit": 0,
          "multiProducts": false,
          "cardDependencyFlag": false,
          "bestPromotion": true,
          "comparativePrice": {
            "pricePerUnit": 52,
            "unitQuantity": 100,
            "unitQuantityUom": "g",
            "measureDescription": "100g"
          }
        }
      ],
      "facets": [
        {
          "itemCode": "00020012",
          "itemDescription": "Non-GMO"
        }
      ],
      "categoryTrees": [
        {
          "level0": "Fresh Foods & Bakery",
          "level1": "Dairy & Eggs",
          "level2": "Butter & Spreads"
        },
        {
          "level0": "Chilled, Frozen & Desserts",
          "level1": "Dairy & Eggs",
          "level2": "Butter & Spreads"
        }
      ],
      "cateredFlag": false
    },
    {
      "productId": "5000518-EA-000",
      "brand": "Anchor",
      "name": "Blue Milk",
      "displayName": "1l",
      "availability": [
        "IN_STORE",
        "ONLINE"
      ],
      "saleType": "UNITS",
      "restrictedFlag": false,
      "liquorFlag": false,
      "tobaccoFlag": false,
      "originRegulated": false,
      "singlePrice": {
        "price": 315,
        "comparativePrice": {
          "pricePerUnit": 315,
          "unitQuantity": 1,
          "unitQuantityUom": "L",
          "measureDescription": "1L"
        }
      },
      "facets": [
        {
          "itemCode": "00020012",
          "itemDescription": "Non-GMO"
        }
      ],
      "categoryTrees": [
        {
          "level0": "Fresh Foods & Bakery",
          "level1": "Dairy & Eggs",
          "level2": "Fresh Milk"
        },
        {
          "level0": "Chilled, Frozen & Desserts",
          "level1": "Dairy & Eggs",
          "level2": "Fresh Milk"
        }
      ],
      "cateredFlag": false
    },
    {
      "productId": "5240876-EA-000",
      "brand": "Farmer Brown",
      "name": "Fresh Colony Size 7 Eggs",
      "displayName": "12ea",
      "availability": [
        "IN_STORE",
        "ONLINE"
      ],
      "saleType": "UNITS",
      "restrictedFlag": false,
      "liquorFlag": false,
      "tobaccoFlag": false,
      "originRegulated": false,
      "singlePrice": {
        "price": 749,
        "comparativePrice": {
          "pricePerUnit": 62,
          "unitQuantity": 1,
          "unitQuantityUom": "ea",
          "measureDescription": "ea"
        }
      },
      "categoryTrees": [
        {
          "level0": "Fresh Foods & Bakery",
          "level1": "Dairy & Eggs",
          "level2": "Eggs"
        },
        {
          "level0": "Chilled, Frozen & Desserts",
          "level1": "Dairy & Eggs",
          "level2": "Eggs"
        }
      ],
      "cateredFlag": false
    },
    {
      "productId": "5007348-EA-000",
      "brand": "Country Soft",
      "name": "Canola Oil And Buttermilk Spread",
      "displayName": "500g",
      "availability": [
        "IN_STORE",
        "ONLINE"
      ],
      "saleType": "UNITS",
      "restrictedFlag": false,
      "liquorFlag": false,
      "tobaccoFlag": false,
      "originRegulated": false,
      "singlePrice": {
        "price": 469,
        "comparativePrice": {
          "pricePerUnit": 94,
          "unitQuantity": 100,
          "unitQuantityUom": "g",
          "measureDescription": "100g"
        }
      },
      "facets": [
        {
          "itemCode": "00020012",
          "itemDescription": "Non-GMO"
        }
      ],
      "categoryTrees": [
        {
          "level0": "Fresh Foods & Bakery",
          "level1": "Dairy & Eggs",
          "level2": "Butter & Spreads"
        },
        {
          "level0": "Chilled, Frozen & Desserts",
          "level1": "Dairy & Eggs",
          "level2": "Butter & Spreads"
        }
      ],
      "cateredFlag": false
    },
    {
      "productId": "5027140-EA-000",
      "brand": "Meadow Fresh",
      "name": "Traditional Sour Cream",
      "displayName": "250g",
      "availability": [
        "IN_STORE",
        "ONLINE"
      ],
      "saleType": "UNITS",
      "restrictedFlag": false,
      "liquorFlag": false,
      "tobaccoFlag": false,
      "originRegulated": false,
      "singlePrice": {
        "price": 349,
        "promoId": "128936668",
        "comparativePrice": {
          "pricePerUnit": 140,
          "unitQuantity": 100,
          "unitQuantityUom": "g",
          "measureDescription": "100g"
        }
      },
      "promotions": [
        {
          "promoId": "128936668",
          "rewardValue": 349,
          "decal": "7000",
          "sapType": "BASE",
          "rewardType": "NEW_PRICE",
          "threshold": 1,
          "limit": 0,
          "multiProducts": false,
          "cardDependencyFlag": false,
          "bestPromotion": true,
          "comparativePrice": {
            "pricePerUnit": 140,
            "unitQuantity": 100,
            "unitQuantityUom": "g",
            "measureDescription": "100g"
          }
        }
      ],
      "facets": [
        {
          "itemCode": "00020004",
          "itemDescription": "Gluten Free"
        },
        {
          "itemCode": "00020002",
          "itemDescription": "Halal"
        },
        {
          "itemCode": "00020012",
          "itemDescription": "Non-GMO"
        }
      ],
      "categoryTrees": [
        {
          "level0": "Fresh Foods & Bakery",
          "level1": "Dairy & Eggs",
          "level2": "Sour Cream & Crème Fraiche"
        },
        {
          "level0": "Chilled, Frozen & Desserts",
          "level1": "Dairy & Eggs",
          "level2": "Sour Cream & Crème Fraiche"
        }
      ],
      "cateredFlag": false
    },
    {
      "productId": "5140580-EA-000",
      "brand": "Value",
      "name": "Cheddar Flavoured Processed Cheese Slices",
      "displayName": "500g",
      "availability": [
        "IN_STORE",
        "ONLINE"
      ],
      "saleType": "UNITS",
      "restrictedFlag": false,
      "liquorFlag": false,
      "tobaccoFlag": false,
      "originRegulated": false,
      "singlePrice": {
        "price": 499,
        "comparativePrice": {
          "pricePerUnit": 100,
          "unitQuantity": 100,
          "unitQuantityUom": "g",
          "measureDescription": "100g"
        }
      },
      "facets": [
        {
          "itemCode": "00020012",
          "itemDescription": "Non-GMO"
        }
      ],
      "categoryTrees": [
        {
          "level0": "Chilled, Frozen & Desserts",
          "level1": "Cheese",
          "level2": "Cheese Slices"
        }
      ],
      "cateredFlag": false
    },
    {
      "productId": "5010693-EA-000",
      "brand": "Anchor",
      "name": "Calci-Yum Chocolate Flavour Milk",
      "displayName": "250ml",
      "availability": [
        "IN_STORE",
        "ONLINE"
      ],
      "saleType": "UNITS",
      "restrictedFlag": false,
      "liquorFlag": false,
      "tobaccoFlag": false,
      "originRegulated": false,
      "singlePrice": {
        "price": 119,
        "comparativePrice": {
          "pricePerUnit": 476,
          "unitQuantity": 1,
          "unitQuantityUom": "L",
          "measureDescription": "1L"
        }
      },
      "facets": [
        {
          "itemCode": "00020009",
          "itemDescription": "Low Fat"
        },
        {
          "itemCode": "00020012",
          "itemDescription": "Non-GMO"
        }
      ],
      "categoryTrees": [
        {
          "level0": "Fresh Foods & Bakery",
          "level1": "Dairy & Eggs",
          "level2": "Flavoured Milk"
        },
        {
          "level0": "Chilled, Frozen & Desserts",
          "level1": "Dairy & Eggs",
          "level2": "Flavoured Milk"
        }
      ],
      "cateredFlag": false
    },
    {
      "productId": "5028855-EA-000",
      "brand": "Pams",
      "name": "Cream",
      "displayName": "1l",
      "availability": [
        "IN_STORE",
        "ONLINE"
      ],
      "saleType": "UNITS",
      "restrictedFlag": false,
      "liquorFlag": false,
      "tobaccoFlag": false,
      "originRegulated": false,
      "singlePrice": {
        "price": 800,
        "comparativePrice": {
          "pricePerUnit": 800,
          "unitQuantity": 1,
          "unitQuantityUom": "L",
          "measureDescription": "1L"
        }
      },
      "facets": [
        {
          "itemCode": "00020012",
          "itemDescription": "Non-GMO"
        }
      ],
      "categoryTrees": [
        {
          "level0": "Fresh Foods & Bakery",
          "level1": "Dairy & Eggs",
          "level2": "Fresh Cream"
        },
        {
          "level0": "Chilled, Frozen & Desserts",
          "level1": "Dairy & Eggs",
          "level2": "Fresh Cream"
        }
      ],
      "cateredFlag": false
    },
    {
      "productId": "5201486-EA-000",
      "brand": "Pams Value",
      "name": "Trim Milk",
      "displayName": "2l",
      "availability": [
        "IN_STORE",
        "ONLINE"
      ],
      "saleType": "UNITS",
      "restrictedFlag": false,
      "liquorFlag": false,
      "tobaccoFlag": false,
      "originRegulated": false,
      "singlePrice": {
        "price": 400,
        "comparativePrice": {
          "pricePerUnit": 200,
          "unitQuantity": 1,
          "unitQuantityUom": "L",
          "measureDescription": "1L"
        }
      },
      "facets": [
        {
          "itemCode": "00020009",
          "itemDescription": "Low Fat"
        },
        {
          "itemCode": "00020012",
          "itemDescription": "Non-GMO"
        }
      ],
      "categoryTrees": [
        {
          "level0": "Fresh Foods & Bakery",
          "level1": "Dairy & Eggs",
          "level2": "Fresh Milk"
        },
        {
          "level0": "Chilled, Frozen & Desserts",
          "level1": "Dairy & Eggs",
          "level2": "Fresh Milk"
        }
      ],
      "cateredFlag": false
    },
    {
      "productId": "5014564-EA-000",
      "brand": "Ornelle",
      "name": "Camembert Cheese",
      "displayName": "110g",
      "availability": [
        "IN_STORE",
        "ONLINE"
      ],
      "saleType": "UNITS",
      "restrictedFlag": false,
      "liquorFlag": false,
      "tobaccoFlag": false,
      "originRegulated": false,
      "singlePrice": {
        "price": 339,
        "comparativePrice": {
          "pricePerUnit": 308,
          "unitQuantity": 100,
          "unitQuantityUom": "g",
          "measureDescription": "100g"
        }
      },
      "facets": [
        {
          "itemCode": "00020012",
          "itemDescription": "Non-GMO"
        }
      ],
      "categoryTrees": [
        {
          "level0": "Chilled, Frozen & Desserts",
          "level1": "Cheese",
          "level2": "Specialty Cheeses"
        }
      ],
      "cateredFlag": false
    },
    {
      "productId": "5266784-EA-000",
      "brand": "Simply Milk",
      "name": "Standard Milk",
      "displayName": "2l",
      "availability": [
        "IN_STORE",
        "ONLINE"
      ],
      "saleType": "UNITS",
      "restrictedFlag": false,
      "liquorFlag": false,
      "tobaccoFlag": false,
      "originRegulated": false,
      "singlePrice": {
        "price": 465,
        "comparativePrice": {
          "pricePerUnit": 233,
          "unitQuantity": 1,
          "unitQuantityUom": "L",
          "measureDescription": "1L"
        }
      },
      "facets": [
        {
          "itemCode": "00020012",
          "itemDescription": "Non-GMO"
        }
      ],
      "categoryTrees": [
        {
          "level0": "Fresh Foods & Bakery",
          "level1": "Dairy & Eggs",
          "level2": "Fresh Milk"
        },
        {
          "level0": "Chilled, Frozen & Desserts",
          "level1": "Dairy & Eggs",
          "level2": "Fresh Milk"
        }
      ],
      "cateredFlag": false
    },
    {
      "productId": "5268696-EA-000",
      "brand": "Pams",
      "name": "Tasty Cheddar Cheese",
      "displayName": "800g",
      "availability": [
        "IN_STORE",
        "ONLINE"
      ],
      "saleType": "UNITS",
      "restrictedFlag": false,
      "liquorFlag": false,
      "tobaccoFlag": false,
      "originRegulated": false,
      "singlePrice": {
        "price": 899,
        "promoId": "128773005",
        "comparativePrice": {
          "pricePerUnit": 112,
          "unitQuantity": 100,
          "unitQuantityUom": "g",
          "measureDescription": "100g"
        }
      },
      "promotions": [
        {
          "promoId": "128773005",
          "rewardValue": 899,
          "decal": "7000",
          "sapType": "BASE",
          "rewardType": "NEW_PRICE",
          "threshold": 1,
          "limit": 0,
          "multiProducts": false,
          "cardDependencyFlag": false,
          "bestPromotion": true,
          "comparativePrice": {
            "pricePerUnit": 112,
            "unitQuantity": 100,
            "unitQuantityUom": "g",
            "measureDescription": "100g"
          }
        }
      ],
      "facets": [
        {
          "itemCode": "00020014",
          "itemDescription": "Vegetarian"
        },
        {
          "itemCode": "00020012",
          "itemDescription": "Non-GMO"
        }
      ],
      "categoryTrees": [
        {
          "level0": "Chilled, Frozen & Desserts",
          "level1": "Cheese",
          "level2": "Cheese Blocks"
        },
        {
          "level0": "Featured",
          "level1": "Pams",
          "level2": "Cheese"
        }
      ],
      "cateredFlag": false
    },
    {
      "productId": "5000526-EA-000",
      "brand": "Anchor",
      "name": "Pure Cream",
      "displayName": "300ml",
      "availability": [
        "IN_STORE",
        "ONLINE"
      ],
      "saleType": "UNITS",
      "restrictedFlag": false,
      "liquorFlag": false,
      "tobaccoFlag": false,
      "originRegulated": false,
      "singlePrice": {
        "price": 299,
        "comparativePrice": {
          "pricePerUnit": 997,
          "unitQuantity": 1,
          "unitQuantityUom": "L",
          "measureDescription": "1L"
        }
      },
      "facets": [
        {
          "itemCode": "00020012",
          "itemDescription": "Non-GMO"
        }
      ],
      "categoryTrees": [
        {
          "level0": "Fresh Foods & Bakery",
          "level1": "Dairy & Eggs",
          "level2": "Fresh Cream"
        },
        {
          "level0": "Chilled, Frozen & Desserts",
          "level1": "Dairy & Eggs",
          "level2": "Fresh Cream"
        }
      ],
      "cateredFlag": false
    },
    {
      "productId": "5003157-EA-000",
      "brand": "Olivani",
      "name": "Olive Oil Spread",
      "displayName": "500g",
      "availability": [
        "IN_STORE",
        "ONLINE"
      ],
      "saleType": "UNITS",
      "restrictedFlag": false,
      "liquorFlag": false,
      "tobaccoFlag": false,
      "originRegulated": false,
      "singlePrice": {
        "price": 499,
        "promoId": "128942776",
        "comparativePrice": {
          "pricePerUnit": 100,
          "unitQuantity": 100,
          "unitQuantityUom": "g",
          "measureDescription": "100g"
        }
      },
      "promotions": [
        {
          "promoId": "128942776",
          "rewardValue": 499,
          "decal": "6000",
          "sapType": "BASE",
          "rewardType": "NEW_PRICE",
          "threshold": 1,
          "limit": 0,
          "multiProducts": false,
          "cardDependencyFlag": false,
          "bestPromotion": true,
          "comparativePrice": {
            "pricePerUnit": 100,
            "unitQuantity": 100,
            "unitQuantityUom": "g",
            "measureDescription": "100g"
          }
        }
      ],
      "facets": [
        {
          "itemCode": "00020012",
          "itemDescription": "Non-GMO"
        }
      ],
      "categoryTrees": [
        {
          "level0": "Fresh Foods & Bakery",
          "level1": "Dairy & Eggs",
          "level2": "Butter & Spreads"
        },
        {
          "level0": "Chilled, Frozen & Desserts",
          "level1": "Dairy & Eggs",
          "level2": "Butter & Spreads"
        }
      ],
      "cateredFlag": false
    },
    {
      "productId": "5023573-EA-000",
      "brand": "Woodland",
      "name": "Free Range Size 7 Eggs",
      "displayName": "10pk",
      "availability": [
        "IN_STORE",
        "ONLINE"
      ],
      "saleType": "UNITS",
      "restrictedFlag": false,
      "liquorFlag": false,
      "tobaccoFlag": false,
      "originRegulated": false,
      "singlePrice": {
        "price": 799,
        "comparativePrice": {
          "pricePerUnit": 80,
          "unitQuantity": 1,
          "unitQuantityUom": "ea",
          "measureDescription": "ea"
        }
      },
      "promotions": [
        {
          "promoId": "129018623",
          "rewardValue": 399,
          "decal": "6000",
          "sapType": "LAYERED",
          "rewardType": "NEW_PRICE",
          "threshold": 1,
          "limit": 2,
          "multiProducts": false,
          "description": "Limit 2",
          "cardDependencyFlag": false,
          "bestPromotion": true,
          "comparativePrice": {
            "pricePerUnit": 40,
            "unitQuantity": 1,
            "unitQuantityUom": "ea",
            "measureDescription": "ea"
          }
        }
      ],
      "facets": [
        {
          "itemCode": "00020003",
          "itemDescription": "Free Range"
        }
      ],
      "categoryTrees": [
        {
          "level0": "Fresh Foods & Bakery",
          "level1": "Dairy & Eggs",
          "level2": "Eggs"
        },
        {
          "level0": "Chilled, Frozen & Desserts",
          "level1": "Dairy & Eggs",
          "level2": "Eggs"
        }
      ],
      "cateredFlag": false
    },
    {
      "productId": "5014563-EA-000",
      "brand": "Ornelle",
      "name": "Brie Cheese",
      "displayName": "110g",
      "availability": [
        "IN_STORE",
        "ONLINE"
      ],
      "saleType": "UNITS",
      "restrictedFlag": false,
      "liquorFlag": false,
      "tobaccoFlag": false,
      "originRegulated": false,
      "singlePrice": {
        "price": 339,
        "comparativePrice": {
          "pricePerUnit": 308,
          "unitQuantity": 100,
          "unitQuantityUom": "g",
          "measureDescription": "100g"
        }
      },
      "facets": [
        {
          "itemCode": "00020012",
          "itemDescription": "Non-GMO"
        }
      ],
      "categoryTrees": [
        {
          "level0": "Chilled, Frozen & Desserts",
          "level1": "Cheese",
          "level2": "Specialty Cheeses"
        }
      ],
      "cateredFlag": false
    },
    {
      "productId": "5003852-EA-000",
      "brand": "Pams Plant Based",
      "name": "Regular Soy Milk",
      "displayName": "1l",
      "availability": [
        "IN_STORE",
        "ONLINE"
      ],
      "saleType": "UNITS",
      "restrictedFlag": false,
      "liquorFlag": false,
      "tobaccoFlag": false,
      "originRegulated": false,
      "singlePrice": {
        "price": 239,
        "promoId": "128847103",
        "comparativePrice": {
          "pricePerUnit": 239,
          "unitQuantity": 1,
          "unitQuantityUom": "L",
          "measureDescription": "1L"
        }
      },
      "promotions": [
        {
          "promoId": "128847103",
          "rewardValue": 239,
          "decal": "7000",
          "sapType": "BASE",
          "rewardType": "NEW_PRICE",
          "threshold": 1,
          "limit": 0,
          "multiProducts": false,
          "cardDependencyFlag": false,
          "bestPromotion": true,
          "comparativePrice": {
            "pricePerUnit": 239,
            "unitQuantity": 1,
            "unitQuantityUom": "L",
            "measureDescription": "1L"
          }
        }
      ],
      "facets": [
        {
          "itemCode": "00020012",
          "itemDescription": "Non-GMO"
        },
        {
          "itemCode": "00020007",
          "itemDescription": "Dairy Free"
        },
        {
          "itemCode": "00020011",
          "itemDescription": "Low Sugar"
        }
      ],
      "categoryTrees": [
        {
          "level0": "Fresh Foods & Bakery",
          "level1": "Dairy & Eggs",
          "level2": "Dairy & Lactose Free"
        },
        {
          "level0": "Chilled, Frozen & Desserts",
          "level1": "Dairy & Eggs",
          "level2": "Dairy & Lactose Free"
        },
        {
          "level0": "Drinks",
          "level1": "Cold Drinks",
          "level2": "Non Dairy Milks"
        },
        {
          "level0": "Featured",
          "level1": "Pams",
          "level2": "Dairy & Eggs"
        }
      ],
      "cateredFlag": false
    },
    {
      "productId": "5030846-EA-000",
      "brand": "Meadow Fresh",
      "name": "Traditional Cream Cheese",
      "displayName": "250g",
      "availability": [
        "IN_STORE",
        "ONLINE"
      ],
      "saleType": "UNITS",
      "restrictedFlag": false,
      "liquorFlag": false,
      "tobaccoFlag": false,
      "originRegulated": false,
      "singlePrice": {
        "price": 469,
        "comparativePrice": {
          "pricePerUnit": 188,
          "unitQuantity": 100,
          "unitQuantityUom": "g",
          "measureDescription": "100g"
        }
      },
      "facets": [
        {
          "itemCode": "00020004",
          "itemDescription": "Gluten Free"
        },
        {
          "itemCode": "00020014",
          "itemDescription": "Vegetarian"
        },
        {
          "itemCode": "00020012",
          "itemDescription": "Non-GMO"
        }
      ],
      "categoryTrees": [
        {
          "level0": "Chilled, Frozen & Desserts",
          "level1": "Cheese",
          "level2": "Cream Cheese"
        }
      ],
      "cateredFlag": false
    },
    {
      "productId": "5201801-EA-000",
      "brand": "Pams Value",
      "name": "Lite Milk",
      "displayName": "1l",
      "availability": [
        "IN_STORE",
        "ONLINE"
      ],
      "saleType": "UNITS",
      "restrictedFlag": false,
      "liquorFlag": false,
      "tobaccoFlag": false,
      "originRegulated": false,
      "singlePrice": {
        "price": 268,
        "comparativePrice": {
          "pricePerUnit": 268,
          "unitQuantity": 1,
          "unitQuantityUom": "L",
          "measureDescription": "1L"
        }
      },
      "facets": [
        {
          "itemCode": "00020012",
          "itemDescription": "Non-GMO"
        }
      ],
      "categoryTrees": [
        {
          "level0": "Fresh Foods & Bakery",
          "level1": "Dairy & Eggs",
          "level2": "Fresh Milk"
        },
        {
          "level0": "Chilled, Frozen & Desserts",
          "level1": "Dairy & Eggs",
          "level2": "Fresh Milk"
        }
      ],
      "cateredFlag": false
    },
    {
      "productId": "5003963-EA-000",
      "brand": "Pams",
      "name": "Crinkle Cut Fries",
      "displayName": "1kg",
      "availability": [
        "IN_STORE",
        "ONLINE"
      ],
      "saleType": "UNITS",
      "restrictedFlag": false,
      "liquorFlag": false,
      "tobaccoFlag": false,
      "originRegulated": false,
      "singlePrice": {
        "price": 299,
        "promoId": "128773004",
        "comparativePrice": {
          "pricePerUnit": 299,
          "unitQuantity": 1,
          "unitQuantityUom": "kg",
          "measureDescription": "1kg"
        }
      },
      "promotions": [
        {
          "promoId": "128773004",
          "rewardValue": 299,
          "decal": "7000",
          "sapType": "BASE",
          "rewardType": "NEW_PRICE",
          "threshold": 1,
          "limit": 0,
          "multiProducts": false,
          "cardDependencyFlag": false,
          "bestPromotion": true,
          "comparativePrice": {
            "pricePerUnit": 299,
            "unitQuantity": 1,
            "unitQuantityUom": "kg",
            "measureDescription": "1kg"
          }
        }
      ],
      "facets": [
        {
          "itemCode": "00020012",
          "itemDescription": "Non-GMO"
        },
        {
          "itemCode": "00020007",
          "itemDescription": "Dairy Free"
        }
      ],
      "categoryTrees": [
        {
          "level0": "Chilled, Frozen & Desserts",
          "level1": "Frozen Foods",
          "level2": "Frozen Fries & Potatoes"
        },
        {
          "level0": "Featured",
          "level1": "Pams",
          "level2": "Frozen Foods"
        }
      ],
      "cateredFlag": false
    },
    {
      "productId": "5004347-EA-000",
      "brand": "Galaxy",
      "name": "Creamy Classic Camembert Cheese",
      "displayName": "125g",
      "availability": [
        "IN_STORE",
        "ONLINE"
      ],
      "saleType": "UNITS",
      "restrictedFlag": false,
      "liquorFlag": false,
      "tobaccoFlag": false,
      "originRegulated": false,
      "singlePrice": {
        "price": 489,
        "comparativePrice": {
          "pricePerUnit": 391,
          "unitQuantity": 100,
          "unitQuantityUom": "g",
          "measureDescription": "100g"
        }
      },
      "facets": [
        {
          "itemCode": "00020012",
          "itemDescription": "Non-GMO"
        }
      ],
      "categoryTrees": [
        {
          "level0": "Chilled, Frozen & Desserts",
          "level1": "Cheese",
          "level2": "Specialty Cheeses"
        }
      ],
      "cateredFlag": false
    },
    {
      "productId": "5014501-EA-000",
      "brand": "Vitasoy",
      "name": "Unsweetened Oat Milk",
      "displayName": "1l",
      "availability": [
        "IN_STORE",
        "ONLINE"
      ],
      "saleType": "UNITS",
      "restrictedFlag": false,
      "liquorFlag": false,
      "tobaccoFlag": false,
      "originRegulated": false,
      "singlePrice": {
        "price": 299,
        "comparativePrice": {
          "pricePerUnit": 299,
          "unitQuantity": 1,
          "unitQuantityUom": "L",
          "measureDescription": "1L"
        }
      },
      "facets": [
        {
          "itemCode": "00020012",
          "itemDescription": "Non-GMO"
        },
        {
          "itemCode": "00020013",
          "itemDescription": "Vegan"
        },
        {
          "itemCode": "00020014",
          "itemDescription": "Vegetarian"
        }
      ],
      "categoryTrees": [
        {
          "level0": "Fresh Foods & Bakery",
          "level1": "Dairy & Eggs",
          "level2": "Dairy & Lactose Free"
        },
        {
          "level0": "Chilled, Frozen & Desserts",
          "level1": "Dairy & Eggs",
          "level2": "Dairy & Lactose Free"
        },
        {
          "level0": "Drinks",
          "level1": "Cold Drinks",
          "level2": "Non Dairy Milks"
        }
      ],
      "cateredFlag": false
    },
    {
      "productId": "5256998-EA-000",
      "brand": "Farmer Brown",
      "name": "Cage-Free Barn Size 6 Eggs",
      "displayName": "12pk",
      "availability": [
        "IN_STORE",
        "ONLINE"
      ],
      "saleType": "UNITS",
      "restrictedFlag": false,
      "liquorFlag": false,
      "tobaccoFlag": false,
      "originRegulated": false,
      "singlePrice": {
        "price": 929,
        "comparativePrice": {
          "pricePerUnit": 77,
          "unitQuantity": 1,
          "unitQuantityUom": "ea",
          "measureDescription": "ea"
        }
      },
      "facets": [
        {
          "itemCode": "00020006",
          "itemDescription": "Cage Free"
        }
      ],
      "categoryTrees": [
        {
          "level0": "Fresh Foods & Bakery",
          "level1": "Dairy & Eggs",
          "level2": "Eggs"
        },
        {
          "level0": "Chilled, Frozen & Desserts",
          "level1": "Dairy & Eggs",
          "level2": "Eggs"
        }
      ],
      "cateredFlag": false
    },
    {
      "productId": "5040293-EA-000",
      "brand": "Pams",
      "name": "Shoe String Fries",
      "displayName": "1kg",
      "availability": [
        "IN_STORE",
        "ONLINE"
      ],
      "saleType": "UNITS",
      "restrictedFlag": false,
      "liquorFlag": false,
      "tobaccoFlag": false,
      "originRegulated": false,
      "singlePrice": {
        "price": 299,
        "promoId": "128773003",
        "comparativePrice": {
          "pricePerUnit": 299,
          "unitQuantity": 1,
          "unitQuantityUom": "kg",
          "measureDescription": "1kg"
        }
      },
      "promotions": [
        {
          "promoId": "128773003",
          "rewardValue": 299,
          "decal": "7000",
          "sapType": "BASE",
          "rewardType": "NEW_PRICE",
          "threshold": 1,
          "limit": 0,
          "multiProducts": false,
          "cardDependencyFlag": false,
          "bestPromotion": true,
          "comparativePrice": {
            "pricePerUnit": 299,
            "unitQuantity": 1,
            "unitQuantityUom": "kg",
            "measureDescription": "1kg"
          }
        }
      ],
      "facets": [
        {
          "itemCode": "00020007",
          "itemDescription": "Dairy Free"
        },
        {
          "itemCode": "00020012",
          "itemDescription": "Non-GMO"
        },
        {
          "itemCode": "00020013",
          "itemDescription": "Vegan"
        }
      ],
      "categoryTrees": [
        {
          "level0": "Chilled, Frozen & Desserts",
          "level1": "Frozen Foods",
          "level2": "Frozen Fries & Potatoes"
        },
        {
          "level0": "Featured",
          "level1": "Pams",
          "level2": "Frozen Foods"
        }
      ],
      "cateredFlag": false
    },
    {
      "productId": "5000519-EA-000",
      "brand": "Anchor",
      "name": "Calci + Trim Milk",
      "displayName": "2l",
      "availability": [
        "IN_STORE",
        "ONLINE"
      ],
      "saleType": "UNITS",
      "restrictedFlag": false,
      "liquorFlag": false,
      "tobaccoFlag": false,
      "originRegulated": false,
      "singlePrice": {
        "price": 614,
        "comparativePrice": {
          "pricePerUnit": 307,
          "unitQuantity": 1,
          "unitQuantityUom": "L",
          "measureDescription": "1L"
        }
      },
      "facets": [
        {
          "itemCode": "00020012",
          "itemDescription": "Non-GMO"
        },
        {
          "itemCode": "00020009",
          "itemDescription": "Low Fat"
        }
      ],
      "categoryTrees": [
        {
          "level0": "Fresh Foods & Bakery",
          "level1": "Dairy & Eggs",
          "level2": "Fresh Milk"
        },
        {
          "level0": "Chilled, Frozen & Desserts",
          "level1": "Dairy & Eggs",
          "level2": "Fresh Milk"
        }
      ],
      "cateredFlag": false
    },
    {
      "productId": "5000523-EA-000",
      "brand": "Anchor",
      "name": "Lite Milk",
      "displayName": "2l",
      "availability": [
        "IN_STORE",
        "ONLINE"
      ],
      "saleType": "UNITS",
      "restrictedFlag": false,
      "liquorFlag": false,
      "tobaccoFlag": false,
      "originRegulated": false,
      "singlePrice": {
        "price": 514,
        "comparativePrice": {
          "pricePerUnit": 257,
          "unitQuantity": 1,
          "unitQuantityUom": "L",
          "measureDescription": "1L"
        }
      },
      "facets": [
        {
          "itemCode": "00020012",
          "itemDescription": "Non-GMO"
        },
        {
          "itemCode": "00020009",
          "itemDescription": "Low Fat"
        }
      ],
      "categoryTrees": [
        {
          "level0": "Fresh Foods & Bakery",
          "level1": "Dairy & Eggs",
          "level2": "Fresh Milk"
        },
        {
          "level0": "Chilled, Frozen & Desserts",
          "level1": "Dairy & Eggs",
          "level2": "Fresh Milk"
        }
      ],
      "cateredFlag": false
    },
    {
      "productId": "5007217-EA-000",
      "brand": "Gopala",
      "name": "Natural Full Cream Yoghurt",
      "displayName": "750g",
      "availability": [
        "IN_STORE",
        "ONLINE"
      ],
      "saleType": "UNITS",
      "restrictedFlag": false,
      "liquorFlag": false,
      "tobaccoFlag": false,
      "originRegulated": false,
      "singlePrice": {
        "price": 349,
        "promoId": "128948850",
        "comparativePrice": {
          "pricePerUnit": 47,
          "unitQuantity": 100,
          "unitQuantityUom": "g",
          "measureDescription": "100g"
        }
      },
      "promotions": [
        {
          "promoId": "128948850",
          "rewardValue": 349,
          "decal": "7000",
          "sapType": "BASE",
          "rewardType": "NEW_PRICE",
          "threshold": 1,
          "limit": 0,
          "multiProducts": false,
          "cardDependencyFlag": false,
          "bestPromotion": true,
          "comparativePrice": {
            "pricePerUnit": 47,
            "unitQuantity": 100,
            "unitQuantityUom": "g",
            "measureDescription": "100g"
          }
        }
      ],
      "facets": [
        {
          "itemCode": "00020014",
          "itemDescription": "Vegetarian"
        }
      ],
      "categoryTrees": [
        {
          "level0": "Fresh Foods & Bakery",
          "level1": "Dairy & Eggs",
          "level2": "Yoghurt & Dairy Food"
        },
        {
          "level0": "Chilled, Frozen & Desserts",
          "level1": "Dairy & Eggs",
          "level2": "Yoghurt & Dairy Food"
        }
      ],
      "cateredFlag": false
    },
    {
      "productId": "5219345-EA-000",
      "brand": "Gopala",
      "name": "Full Cream Natural Yoghurt",
      "displayName": "2kg",
      "availability": [
        "IN_STORE",
        "ONLINE"
      ],
      "saleType": "UNITS",
      "restrictedFlag": false,
      "liquorFlag": false,
      "tobaccoFlag": false,
      "originRegulated": false,
      "singlePrice": {
        "price": 829,
        "comparativePrice": {
          "pricePerUnit": 41,
          "unitQuantity": 100,
          "unitQuantityUom": "g",
          "measureDescription": "100g"
        }
      },
      "categoryTrees": [
        {
          "level0": "Fresh Foods & Bakery",
          "level1": "Dairy & Eggs",
          "level2": "Yoghurt & Dairy Food"
        },
        {
          "level0": "Chilled, Frozen & Desserts",
          "level1": "Dairy & Eggs",
          "level2": "Yoghurt & Dairy Food"
        }
      ],
      "cateredFlag": false
    },
    {
      "productId": "5004346-EA-000",
      "brand": "Galaxy",
      "name": "Mild & Creamy Brie Cheese",
      "displayName": "125g",
      "availability": [
        "IN_STORE",
        "ONLINE"
      ],
      "saleType": "UNITS",
      "restrictedFlag": false,
      "liquorFlag": false,
      "tobaccoFlag": false,
      "originRegulated": false,
      "singlePrice": {
        "price": 489,
        "comparativePrice": {
          "pricePerUnit": 391,
          "unitQuantity": 100,
          "unitQuantityUom": "g",
          "measureDescription": "100g"
        }
      },
      "facets": [
        {
          "itemCode": "00020012",
          "itemDescription": "Non-GMO"
        }
      ],
      "categoryTrees": [
        {
          "level0": "Chilled, Frozen & Desserts",
          "level1": "Cheese",
          "level2": "Specialty Cheeses"
        }
      ],
      "cateredFlag": false
    },
    {
      "productId": "5012553-EA-000",
      "brand": "Bouton d'Or",
      "name": "Feta Cheese",
      "displayName": "200g",
      "availability": [
        "IN_STORE",
        "ONLINE"
      ],
      "saleType": "UNITS",
      "restrictedFlag": false,
      "liquorFlag": false,
      "tobaccoFlag": false,
      "originRegulated": false,
      "singlePrice": {
        "price": 599,
        "comparativePrice": {
          "pricePerUnit": 300,
          "unitQuantity": 100,
          "unitQuantityUom": "g",
          "measureDescription": "100g"
        }
      },
      "facets": [
        {
          "itemCode": "00020004",
          "itemDescription": "Gluten Free"
        },
        {
          "itemCode": "00020012",
          "itemDescription": "Non-GMO"
        }
      ],
      "categoryTrees": [
        {
          "level0": "Chilled, Frozen & Desserts",
          "level1": "Cheese",
          "level2": "Specialty Cheeses"
        }
      ],
      "cateredFlag": false
    },
    {
      "productId": "5005483-EA-000",
      "brand": "Pams",
      "name": "Tasty Flavoured Processed Cheese Slices",
      "displayName": "250g",
      "availability": [
        "IN_STORE",
        "ONLINE"
      ],
      "saleType": "UNITS",
      "restrictedFlag": false,
      "liquorFlag": false,
      "tobaccoFlag": false,
      "originRegulated": false,
      "singlePrice": {
        "price": 319,
        "comparativePrice": {
          "pricePerUnit": 128,
          "unitQuantity": 100,
          "unitQuantityUom": "g",
          "measureDescription": "100g"
        }
      },
      "facets": [
        {
          "itemCode": "00020012",
          "itemDescription": "Non-GMO"
        }
      ],
      "categoryTrees": [
        {
          "level0": "Chilled, Frozen & Desserts",
          "level1": "Cheese",
          "level2": "Cheese Slices"
        },
        {
          "level0": "Featured",
          "level1": "Pams",
          "level2": "Cheese"
        }
      ],
      "cateredFlag": false
    },
    {
      "productId": "5001313-EA-000",
      "brand": "Anchor",
      "name": "Original Soft Spreadable Dairy Blend",
      "displayName": "500g",
      "availability": [
        "IN_STORE",
        "ONLINE"
      ],
      "saleType": "UNITS",
      "restrictedFlag": false,
      "liquorFlag": false,
      "tobaccoFlag": false,
      "originRegulated": false,
      "singlePrice": {
        "price": 669,
        "promoId": "128943332",
        "comparativePrice": {
          "pricePerUnit": 134,
          "unitQuantity": 100,
          "unitQuantityUom": "g",
          "measureDescription": "100g"
        }
      },
      "promotions": [
        {
          "promoId": "128943332",
          "rewardValue": 669,
          "decal": "6000",
          "sapType": "BASE",
          "rewardType": "NEW_PRICE",
          "threshold": 1,
          "limit": 0,
          "multiProducts": false,
          "cardDependencyFlag": false,
          "bestPromotion": true,
          "comparativePrice": {
            "pricePerUnit": 134,
            "unitQuantity": 100,
            "unitQuantityUom": "g",
            "measureDescription": "100g"
          }
        }
      ],
      "facets": [
        {
          "itemCode": "00020012",
          "itemDescription": "Non-GMO"
        }
      ],
      "categoryTrees": [
        {
          "level0": "Fresh Foods & Bakery",
          "level1": "Dairy & Eggs",
          "level2": "Butter & Spreads"
        },
        {
          "level0": "Chilled, Frozen & Desserts",
          "level1": "Dairy & Eggs",
          "level2": "Butter & Spreads"
        }
      ],
      "cateredFlag": false
    },
    {
      "productId": "5003955-EA-000",
      "brand": "Pams",
      "name": "Straight Cut Fries",
      "displayName": "1kg",
      "availability": [
        "IN_STORE",
        "ONLINE"
      ],
      "saleType": "UNITS",
      "restrictedFlag": false,
      "liquorFlag": false,
      "tobaccoFlag": false,
      "originRegulated": false,
      "singlePrice": {
        "price": 299,
        "promoId": "128773004",
        "comparativePrice": {
          "pricePerUnit": 299,
          "unitQuantity": 1,
          "unitQuantityUom": "kg",
          "measureDescription": "1kg"
        }
      },
      "promotions": [
        {
          "promoId": "128773004",
          "rewardValue": 299,
          "decal": "7000",
          "sapType": "BASE",
          "rewardType": "NEW_PRICE",
          "threshold": 1,
          "limit": 0,
          "multiProducts": false,
          "cardDependencyFlag": false,
          "bestPromotion": true,
          "comparativePrice": {
            "pricePerUnit": 299,
            "unitQuantity": 1,
            "unitQuantityUom": "kg",
            "measureDescription": "1kg"
          }
        }
      ],
      "facets": [
        {
          "itemCode": "00020012",
          "itemDescription": "Non-GMO"
        },
        {
          "itemCode": "00020011",
          "itemDescription": "Low Sugar"
        },
        {
          "itemCode": "00020007",
          "itemDescription": "Dairy Free"
        }
      ],
      "categoryTrees": [
        {
          "level0": "Chilled, Frozen & Desserts",
          "level1": "Frozen Foods",
          "level2": "Frozen Fries & Potatoes"
        },
        {
          "level0": "Featured",
          "level1": "Pams",
          "level2": "Frozen Foods"
        }
      ],
      "cateredFlag": false
    },
    {
      "productId": "5023568-EA-000",
      "brand": "Woodland",
      "name": "Free Range Size 6 Eggs",
      "displayName": "10pk",
      "availability": [
        "IN_STORE",
        "ONLINE"
      ],
      "saleType": "UNITS",
      "restrictedFlag": false,
      "liquorFlag": false,
      "tobaccoFlag": false,
      "originRegulated": false,
      "singlePrice": {
        "price": 879,
        "comparativePrice": {
          "pricePerUnit": 88,
          "unitQuantity": 1,
          "unitQuantityUom": "ea",
          "measureDescription": "ea"
        }
      },
      "facets": [
        {
          "itemCode": "00020003",
          "itemDescription": "Free Range"
        }
      ],
      "categoryTrees": [
        {
          "level0": "Fresh Foods & Bakery",
          "level1": "Dairy & Eggs",
          "level2": "Eggs"
        },
        {
          "level0": "Chilled, Frozen & Desserts",
          "level1": "Dairy & Eggs",
          "level2": "Eggs"
        }
      ],
      "cateredFlag": false
    }
  ],
  "algoliaSearchResult": {
    "facets": {
      "brand": {
        "Pams": 108,
        "Anchor": 63,
        "Tip Top": 49,
        "Meadow Fresh": 46,
        "Mainland": 45,
        "Kapiti": 38,
        "The Collective": 35,
        "Fresh 'n Fruity": 29,
        "Puhoi Valley": 26,
        "Lewis Road Creamery": 25,
        "McCain": 25,
        "Magnum": 22,
        "Wattie's": 22,
        "Tegel": 21,
        "Food Snob": 19,
        "Whitestone Cheese Co": 19,
        "Farmer Brown": 18,
        "Aunt Betty's": 17,
        "Leader": 17,
        "Much Moore": 17,
        "Yoplait": 16,
        "Castello": 14,
        "Dairyworks": 14,
        "Birds Eye": 13,
        "Emborg": 13,
        "Streets": 13,
        "Fruzio": 12,
        "Shore Mariner": 12,
        "Ben & Jerry's": 11,
        "Fisherking": 11,
        "Hansells": 11,
        "Rolling Meadow": 11,
        "Gopala": 10,
        "Gregg's": 10,
        "Hutchinsons": 10,
        "Sealord": 10,
        "Vitasoy": 10,
        "Easiyo": 9,
        "Moogurt": 9,
        "Pams Value": 9,
        "Raglan Coconut Yoghurt": 9,
        "Angel Bay": 8,
        "De Gustibus": 8,
        "Flora": 8,
        "KungFood": 8,
        "Little Island Coconut Creamery": 8,
        "Talbot Forest": 8,
        "Leanne's Kitchen": 7,
        "Moondarra Cheese": 7,
        "Nudairy's": 7,
        "Philadelphia": 7,
        "Primo": 7,
        "Quorn": 7,
        "Woodland": 7,
        "Barrys Bay": 6,
        "Cadbury": 6,
        "Chesdale": 6,
        "Goodness Kitchen": 6,
        "Ingham's": 6,
        "Massimo's": 6,
        "Meyer": 6,
        "Mr Chips": 6,
        "Olivani": 6,
        "On The Menu": 6,
        "Ornelle": 6,
        "Perfect Italiano": 6,
        "Sara Lee": 6,
        "Tatua": 6,
        "Waimata": 6,
        "Zenzo": 6,
        "Alpro": 5,
        "Birds Eye Oven Bake": 5,
        "Boss": 5,
        "Bouton d'Or": 5,
        "Chicago": 5,
        "Henergy": 5,
        "Juicy": 5,
        "Kingfisher Seafood": 5,
        "Oxford Pies": 5,
        "Pams Plant Based": 5,
        "Sanitarium So Good": 5,
        "Tasman Bay": 5,
        "The Cuisine Canteen": 5,
        "Tip Top Crave": 5,
        "Waitoa": 5,
        "Yolo": 5,
        "Angel Food": 4,
        "Better Eggs": 4,
        "Cartel Food Co": 4,
        "Cathedral Cove Naturals": 4,
        "Coombe Castle": 4,
        "Duck Island": 4,
        "Frozen Harvest": 4,
        "Galaxy": 4,
        "Lets Eat": 4,
        "Mammoth Supply Co.": 4,
        "Meadowlea": 4,
        "Nanna's": 4,
        "Nippy's": 4,
        "Nishin": 4
      },
      "category1NI": {
        "Dairy & Eggs": 462,
        "Frozen Foods": 378,
        "Cheese": 328,
        "Desserts": 273,
        "Pams": 80,
        "Ready to Heat": 43,
        "Cold Drinks": 27,
        "Bakery": 1,
        "Butchery": 1,
        "Canned & Prepared Foods": 1,
        "Household": 1
      },
      "onPromotion": {
        "c3f9e1a3-fc34-452d-af2e-95349e666ba4": 412,
        "5cf0392f-c187-4fc4-a463-eb269d2e8f45": 392,
        "be4c4780-218e-425a-a90f-63e21773572b": 382,
        "90082979-fb9f-4305-9c72-83274fc438cc": 380,
        "8cd700ae-d96f-4761-bd7a-805d6b93536d": 378,
        "61dd754e-8525-4b9e-9e08-173389eea8a8": 376,
        "2ed73be8-936d-4f35-9398-75a707f40a7b": 373,
        "dbca5e00-f7f9-43ae-91de-031ad16f8a92": 373,
        "d8032da3-c1b9-456e-b626-41ce21f8c67b": 371,
        "4a279605-eaa8-470d-bcd4-0a9e3c9ab43b": 362,
        "b29a98bd-749c-489c-9eef-6aa38e66a29b": 361,
        "715f0e22-95e0-45ce-af3a-07057209976e": 350,
        "92086ded-a55d-4241-a364-7d7ea91531b4": 341,
        "21ecaaed-0749-4492-985e-4bb7ba43d59c": 328,
        "33d8d6fc-861a-45ff-9937-5ccdb55eaede": 324,
        "64eab5b1-8d79-45f4-94f1-02b8cf8b6202": 302,
        "3c5e3145-0767-4066-9349-6c0a1313acc5": 297,
        "65defcf2-bc15-490e-a84f-1f13b769cd22": 295,
        "3bb30799-82ce-4648-8c02-5113228963ed": 284,
        "53989945-1a28-481d-a61c-d6f75f760ada": 284,
        "e1925ea7-01bc-4358-ae7c-c6502da5ab12": 280,
        "6e6809dd-01bc-45c9-aab1-f01ccd8338b0": 278,
        "15e6f441-5c1c-4d25-b4ec-1adf918c49c7": 277,
        "49037947-e450-49bf-ba1f-a94551c79a72": 276,
        "c0f80e87-16be-4488-9553-da437e8c6c2a": 275,
        "c180a72d-5dbe-4403-b7c7-91655e505492": 275,
        "98ec3885-ac93-4fcb-807b-59c9055c52c4": 273,
        "b92cc33f-b5a8-4b57-9b82-412946800020": 270,
        "3404c253-577f-45ca-b301-c98312e46efb": 269,
        "3bfe040b-f0c9-45e0-949b-b9ad5a591d55": 269,
        "4fcc1c8e-cc5e-4675-ba25-5e56b579cf69": 269,
        "01a114de-149c-4f5f-80a1-90cc63f69c6e": 267,
        "6cda96e1-7d29-44a6-956b-3fcfdecc8184": 267,
        "48dd98cc-a757-4102-b15d-ea82b4b10571": 266,
        "5f167936-79ae-4f6a-b9d2-74afe1bb096b": 261,
        "1c388d5e-29ac-4956-b476-cb3431353d2e": 259,
        "8f0d70be-5cb7-464b-99cb-8b0130671895": 259,
        "a7d09522-bee2-41e4-8fe0-0b82b7f342f5": 259,
        "d1cd1fdd-8767-46a6-a8d3-c3e0632c2dc8": 258,
        "9cd8eb60-3222-4efc-bd7c-50e03e6a81a4": 254,
        "c2204dae-579e-4b6b-9d42-2e13ceaa6031": 254,
        "b83029b6-5dd5-449e-8056-26f3943a4e18": 253,
        "60561e46-ece7-43a7-b142-9b14812586e4": 250,
        "7d48a781-4f68-4c91-a908-8659e1b22f95": 249,
        "076e8177-943b-41fc-a885-ba3d28297acf": 248,
        "6c73764e-b8e6-4e55-ad37-f6a9d207da1f": 248,
        "714431ab-6e39-4df6-ac77-cfc5c1e25bc8": 248,
        "529d66cc-60e3-432e-b8d1-efc9f2ec4919": 247,
        "b39562a4-2b72-43fe-b9ba-eda1d651ad0b": 245,
        "b2e98a14-c8ca-401e-99ed-edf74570c6f6": 242,
        "d6d39eea-889d-4e20-923c-55cab225cf7f": 238,
        "50b1216b-d066-4457-b88b-9bccf97bf6d3": 237,
        "af385423-d0f1-41f0-9482-ffd10b745143": 237,
        "3e82142c-78dc-46f3-82ec-28e65fcf84c9": 215,
        "94ef1985-cab1-4b39-a2f3-230120f03c16": 192
      },
      "productFacets": {
        "Non-GMO": 878,
        "Gluten Free": 219,
        "Vegetarian": 162,
        "Low Fat": 108,
        "Dairy Free": 107,
        "Vegan": 70,
        "Halal": 61,
        "Free Range": 47,
        "Cage Free": 39,
        "Organic": 34,
        "Low Sugar": 22,
        "Keto": 4,
        "Low Salt": 2
      }
    }
  },
  "totalHits": 1000,
  "page": 0,
  "totalPages": 20,
  "hitsPerPage": 50
}
