{
  "tobaccoProducts": false,
  "products": [
    {
      "productId": "5264732-EA-000",
      "brand": "Pavillion",
      "name": "Gluten Dairy & Egg Free 3 Flaky Puff Pastry Sheets",
      "displayName": "600g",
      "availability": [
        "IN_STORE",
        "ONLINE"
      ],
      "saleType": "UNITS",
      "restrictedFlag": false,
      "liquorFlag": false,
      "tobaccoFlag": false,
      "originRegulated": false,
      "singlePrice": {
        "price": 899,
        "comparativePrice": {
          "pricePerUnit": 150,
          "unitQuantity": 100,
          "unitQuantityUom": "g",
          "measureDescription": "100g"
        }
      },
      "facets": [
        {
          "itemCode": "00020004",
          "itemDescription": "Gluten Free"
        }
      ],
      "categoryTrees": [
        {
          "level0": "Chilled, Frozen & Desserts",
          "level1": "Frozen Foods",
          "level2": "Frozen Pastry"
        }
      ],
      "cateredFlag": false
    },
    {
      "productId": "5278299-EA-000",
      "brand": "Little Island Coconut Creamery",
      "name": "Vanilla Bean Plant Based Yoghurt",
      "displayName": "800g",
      "availability": [
        "IN_STORE",
        "ONLINE"
      ],
      "saleType": "UNITS",
      "restrictedFlag": false,
      "liquorFlag": false,
      "tobaccoFlag": false,
      "originRegulated": false,
      "singlePrice": {
        "price": 1049,
        "comparativePrice": {
          "pricePerUnit": 131,
          "unitQuantity": 100,
          "unitQuantityUom": "g",
          "measureDescription": "100g"
        }
      },
      "categoryTrees": [
        {
          "level0": "Fresh Foods & Bakery",
          "level1": "Dairy & Eggs",
          "level2": "Yoghurt & Dairy Food"
        },
        {
          "level0": "Chilled, Frozen & Desserts",
          "level1": "Dairy & Eggs",
          "level2": "Yoghurt & Dairy Food"
        }
      ],
      "cateredFlag": false
    },
    {
      "productId": "5295183-EA-000",
      "brand": "Pams",
      "name": "Vanilla Bean Ice Cream",
      "displayName": "1l",
      "availability": [
        "IN_STORE",
        "ONLINE"
      ],
      "saleType": "UNITS",
      "restrictedFlag": false,
      "liquorFlag": false,
      "tobaccoFlag": false,
      "originRegulated": false,
      "singlePrice": {
        "price": 659,
        "comparativePrice": {
          "pricePerUnit": 66,
          "unitQuantity": 100,
          "unitQuantityUom": "ml",
          "measureDescription": "100ml"
        }
      },
      "facets": [
        {
          "itemCode": "00020012",
          "itemDescription": "Non-GMO"
        },
        {
          "itemCode": "00020014",
          "itemDescription": "Vegetarian"
        },
        {
          "itemCode": "00020004",
          "itemDescription": "Gluten Free"
        }
      ],
      "categoryTrees": [
        {
          "level0": "Chilled, Frozen & Desserts",
          "level1": "Desserts",
          "level2": "Ice Cream & Frozen Yoghurt"
        },
        {
          "level0": "Featured",
          "level1": "Pams",
          "level2": "Desserts"
        }
      ],
      "cateredFlag": false
    },
    {
      "productId": "5013807-EA-000",
      "brand": "Sandhu's",
      "name": "Authentic Butter Chicken",
      "displayName": "360g",
      "availability": [
        "IN_STORE",
        "ONLINE"
      ],
      "saleType": "UNITS",
      "restrictedFlag": false,
      "liquorFlag": false,
      "tobaccoFlag": false,
      "originRegulated": false,
      "singlePrice": {
        "price": 849,
        "comparativePrice": {
          "pricePerUnit": 236,
          "unitQuantity": 100,
          "unitQuantityUom": "g",
          "measureDescription": "100g"
        }
      },
      "categoryTrees": [
        {
          "level0": "Chilled, Frozen & Desserts",
          "level1": "Frozen Foods",
          "level2": "Frozen Ready Meals"
        },
        {
          "level0": "Meal Spot",
          "level1": "Ready to Heat",
          "level2": "Frozen Ready Meals"
        }
      ],
      "cateredFlag": false
    },
    {
      "productId": "5287676-EA-000",
      "brand": "Pams Plant Based",
      "name": "Falafel Burgers",
      "displayName": "4 x 80g",
      "availability": [
        "IN_STORE",
        "ONLINE"
      ],
      "saleType": "UNITS",
      "restrictedFlag": false,
      "liquorFlag": false,
      "tobaccoFlag": false,
      "originRegulated": false,
      "singlePrice": {
        "price": 799,
        "comparativePrice": {
          "pricePerUnit": 200,
          "unitQuantity": 1,
          "unitQuantityUom": "ea",
          "measureDescription": "ea"
        }
      },
      "facets": [
        {
          "itemCode": "00020013",
          "itemDescription": "Vegan"
        },
        {
          "itemCode": "00020012",
          "itemDescription": "Non-GMO"
        }
      ],
      "categoryTrees": [
        {
          "level0": "Chilled, Frozen & Desserts",
          "level1": "Frozen Foods",
          "level2": "Frozen Vegetarian"
        }
      ],
      "cateredFlag": false
    },
    {
      "productId": "5248266-EA-000",
      "brand": "Duck Island",
      "name": "Boysenberry Cheesecake Ice Cream",
      "displayName": "472ml",
      "availability": [
        "IN_STORE",
        "ONLINE"
      ],
      "saleType": "UNITS",
      "restrictedFlag": false,
      "liquorFlag": false,
      "tobaccoFlag": false,
      "originRegulated": false,
      "singlePrice": {
        "price": 1149,
        "comparativePrice": {
          "pricePerUnit": 243,
          "unitQuantity": 100,
          "unitQuantityUom": "ml",
          "measureDescription": "100ml"
        }
      },
      "facets": [
        {
          "itemCode": "00020012",
          "itemDescription": "Non-GMO"
        }
      ],
      "categoryTrees": [
        {
          "level0": "Chilled, Frozen & Desserts",
          "level1": "Desserts",
          "level2": "Ice Cream & Frozen Yoghurt"
        }
      ],
      "cateredFlag": false
    },
    {
      "productId": "5037316-EA-000",
      "brand": "Massimo's",
      "name": "Burrata",
      "displayName": "125g",
      "availability": [
        "IN_STORE",
        "ONLINE"
      ],
      "saleType": "UNITS",
      "restrictedFlag": false,
      "liquorFlag": false,
      "tobaccoFlag": false,
      "originRegulated": false,
      "singlePrice": {
        "price": 869,
        "promoId": "128991667",
        "comparativePrice": {
          "pricePerUnit": 695,
          "unitQuantity": 100,
          "unitQuantityUom": "g",
          "measureDescription": "100g"
        }
      },
      "promotions": [
        {
          "promoId": "128991667",
          "rewardValue": 869,
          "decal": "6000",
          "sapType": "BASE",
          "rewardType": "NEW_PRICE",
          "threshold": 1,
          "limit": 0,
          "multiProducts": false,
          "cardDependencyFlag": false,
          "bestPromotion": true,
          "comparativePrice": {
            "pricePerUnit": 695,
            "unitQuantity": 100,
            "unitQuantityUom": "g",
            "measureDescription": "100g"
          }
        }
      ],
      "facets": [
        {
          "itemCode": "00020001",
          "itemDescription": "Organic"
        },
        {
          "itemCode": "00020014",
          "itemDescription": "Vegetarian"
        },
        {
          "itemCode": "00020012",
          "itemDescription": "Non-GMO"
        }
      ],
      "categoryTrees": [
        {
          "level0": "Chilled, Frozen & Desserts",
          "level1": "Cheese",
          "level2": "Deli Specialty Cheeses"
        }
      ],
      "cateredFlag": false
    },
    {
      "productId": "5013686-EA-000",
      "brand": "Zilch",
      "name": "Chocolate Reduced Fat Ice Cream",
      "displayName": "946ml",
      "availability": [
        "IN_STORE",
        "ONLINE"
      ],
      "saleType": "UNITS",
      "restrictedFlag": false,
      "liquorFlag": false,
      "tobaccoFlag": false,
      "originRegulated": false,
      "singlePrice": {
        "price": 999,
        "comparativePrice": {
          "pricePerUnit": 106,
          "unitQuantity": 100,
          "unitQuantityUom": "ml",
          "measureDescription": "100ml"
        }
      },
      "categoryTrees": [
        {
          "level0": "Chilled, Frozen & Desserts",
          "level1": "Desserts",
          "level2": "Ice Cream & Frozen Yoghurt"
        }
      ],
      "cateredFlag": false
    },
    {
      "productId": "5011211-EA-000",
      "brand": "Moondarra Cheese",
      "name": "Sweet Chilli Cream Cheese",
      "displayName": "120g",
      "availability": [
        "IN_STORE",
        "ONLINE"
      ],
      "saleType": "UNITS",
      "restrictedFlag": false,
      "liquorFlag": false,
      "tobaccoFlag": false,
      "originRegulated": false,
      "singlePrice": {
        "price": 599,
        "comparativePrice": {
          "pricePerUnit": 499,
          "unitQuantity": 100,
          "unitQuantityUom": "g",
          "measureDescription": "100g"
        }
      },
      "categoryTrees": [
        {
          "level0": "Chilled, Frozen & Desserts",
          "level1": "Cheese",
          "level2": "Deli Specialty Cheeses"
        }
      ],
      "cateredFlag": false
    },
    {
      "productId": "5216943-EA-000",
      "brand": "Aunt Betty's",
      "name": "Gluten Free Chocolate Steamed Puddings",
      "displayName": "2 x 95g",
      "availability": [
        "IN_STORE",
        "ONLINE"
      ],
      "saleType": "UNITS",
      "restrictedFlag": false,
      "liquorFlag": false,
      "tobaccoFlag": false,
      "originRegulated": false,
      "singlePrice": {
        "price": 449,
        "comparativePrice": {
          "pricePerUnit": 236,
          "unitQuantity": 100,
          "unitQuantityUom": "g",
          "measureDescription": "100g"
        }
      },
      "facets": [
        {
          "itemCode": "00020004",
          "itemDescription": "Gluten Free"
        }
      ],
      "categoryTrees": [
        {
          "level0": "Chilled, Frozen & Desserts",
          "level1": "Desserts",
          "level2": "Ready To Serve Puddings"
        }
      ],
      "cateredFlag": false
    },
    {
      "productId": "5283254-EA-000",
      "brand": "Little Island Coconut Creamery",
      "name": "Vanilla Bean Coconut Ice Cream",
      "displayName": "900ml",
      "availability": [
        "IN_STORE",
        "ONLINE"
      ],
      "saleType": "UNITS",
      "restrictedFlag": false,
      "liquorFlag": false,
      "tobaccoFlag": false,
      "originRegulated": false,
      "singlePrice": {
        "price": 1079,
        "comparativePrice": {
          "pricePerUnit": 120,
          "unitQuantity": 100,
          "unitQuantityUom": "ml",
          "measureDescription": "100ml"
        }
      },
      "facets": [
        {
          "itemCode": "00020001",
          "itemDescription": "Organic"
        },
        {
          "itemCode": "00020007",
          "itemDescription": "Dairy Free"
        },
        {
          "itemCode": "00020013",
          "itemDescription": "Vegan"
        },
        {
          "itemCode": "00020012",
          "itemDescription": "Non-GMO"
        },
        {
          "itemCode": "00020004",
          "itemDescription": "Gluten Free"
        }
      ],
      "categoryTrees": [
        {
          "level0": "Chilled, Frozen & Desserts",
          "level1": "Desserts",
          "level2": "Ice Cream & Frozen Yoghurt"
        }
      ],
      "cateredFlag": false
    },
    {
      "productId": "5040531-EA-000",
      "brand": "Cowell's",
      "name": "Small Pavlova",
      "displayName": "185g",
      "availability": [
        "IN_STORE",
        "ONLINE"
      ],
      "saleType": "UNITS",
      "restrictedFlag": false,
      "liquorFlag": false,
      "tobaccoFlag": false,
      "originRegulated": false,
      "singlePrice": {
        "price": 1199,
        "comparativePrice": {
          "pricePerUnit": 648,
          "unitQuantity": 100,
          "unitQuantityUom": "g",
          "measureDescription": "100g"
        }
      },
      "facets": [
        {
          "itemCode": "00020004",
          "itemDescription": "Gluten Free"
        },
        {
          "itemCode": "00020009",
          "itemDescription": "Low Fat"
        },
        {
          "itemCode": "00020012",
          "itemDescription": "Non-GMO"
        }
      ],
      "categoryTrees": [
        {
          "level0": "Chilled, Frozen & Desserts",
          "level1": "Desserts",
          "level2": "Meringues & Pavlovas"
        }
      ],
      "cateredFlag": false
    },
    {
      "productId": "5103440-EA-000",
      "brand": "Coombe Castle",
      "name": "Red Leicester Cheddar Cheese",
      "displayName": "200g",
      "availability": [
        "IN_STORE",
        "ONLINE"
      ],
      "saleType": "UNITS",
      "restrictedFlag": false,
      "liquorFlag": false,
      "tobaccoFlag": false,
      "originRegulated": false,
      "singlePrice": {
        "price": 929,
        "comparativePrice": {
          "pricePerUnit": 465,
          "unitQuantity": 100,
          "unitQuantityUom": "g",
          "measureDescription": "100g"
        }
      },
      "categoryTrees": [
        {
          "level0": "Chilled, Frozen & Desserts",
          "level1": "Cheese",
          "level2": "Deli Specialty Cheeses"
        }
      ],
      "cateredFlag": false
    },
    {
      "productId": "5011267-EA-000",
      "brand": "Easiyo",
      "name": "Summer Fruits Apricot Peach Flavoured Yogurt Base",
      "displayName": "225g",
      "availability": [
        "IN_STORE",
        "ONLINE"
      ],
      "saleType": "UNITS",
      "restrictedFlag": false,
      "liquorFlag": false,
      "tobaccoFlag": false,
      "originRegulated": false,
      "singlePrice": {
        "price": 389,
        "comparativePrice": {
          "pricePerUnit": 173,
          "unitQuantity": 100,
          "unitQuantityUom": "g",
          "measureDescription": "100g"
        }
      },
      "facets": [
        {
          "itemCode": "00020004",
          "itemDescription": "Gluten Free"
        },
        {
          "itemCode": "00020014",
          "itemDescription": "Vegetarian"
        }
      ],
      "categoryTrees": [
        {
          "level0": "Fresh Foods & Bakery",
          "level1": "Dairy & Eggs",
          "level2": "Yoghurt Bases"
        },
        {
          "level0": "Chilled, Frozen & Desserts",
          "level1": "Dairy & Eggs",
          "level2": "Yoghurt Bases"
        }
      ],
      "cateredFlag": false
    },
    {
      "productId": "5278300-EA-000",
      "brand": "Little Island Coconut Creamery",
      "name": "Berries Plant Based Yoghurt",
      "displayName": "800g",
      "availability": [
        "IN_STORE",
        "ONLINE"
      ],
      "saleType": "UNITS",
      "restrictedFlag": false,
      "liquorFlag": false,
      "tobaccoFlag": false,
      "originRegulated": false,
      "singlePrice": {
        "price": 1049,
        "comparativePrice": {
          "pricePerUnit": 131,
          "unitQuantity": 100,
          "unitQuantityUom": "g",
          "measureDescription": "100g"
        }
      },
      "categoryTrees": [
        {
          "level0": "Fresh Foods & Bakery",
          "level1": "Dairy & Eggs",
          "level2": "Yoghurt & Dairy Food"
        },
        {
          "level0": "Chilled, Frozen & Desserts",
          "level1": "Dairy & Eggs",
          "level2": "Yoghurt & Dairy Food"
        }
      ],
      "cateredFlag": false
    },
    {
      "productId": "5037609-EA-000",
      "brand": "Kapiti",
      "name": "Kowhai Gruyere Style Cheese",
      "displayName": "200g",
      "availability": [
        "IN_STORE",
        "ONLINE"
      ],
      "saleType": "UNITS",
      "restrictedFlag": false,
      "liquorFlag": false,
      "tobaccoFlag": false,
      "originRegulated": false,
      "singlePrice": {
        "price": 1069,
        "promoId": "128991689",
        "comparativePrice": {
          "pricePerUnit": 535,
          "unitQuantity": 100,
          "unitQuantityUom": "g",
          "measureDescription": "100g"
        }
      },
      "promotions": [
        {
          "promoId": "128991689",
          "rewardValue": 1069,
          "decal": "6000",
          "sapType": "BASE",
          "rewardType": "NEW_PRICE",
          "threshold": 1,
          "limit": 0,
          "multiProducts": false,
          "cardDependencyFlag": false,
          "bestPromotion": true,
          "comparativePrice": {
            "pricePerUnit": 535,
            "unitQuantity": 100,
            "unitQuantityUom": "g",
            "measureDescription": "100g"
          }
        }
      ],
      "facets": [
        {
          "itemCode": "00020012",
          "itemDescription": "Non-GMO"
        }
      ],
      "categoryTrees": [
        {
          "level0": "Chilled, Frozen & Desserts",
          "level1": "Cheese",
          "level2": "Deli Specialty Cheeses"
        }
      ],
      "cateredFlag": false
    },
    {
      "productId": "5089518-EA-000",
      "brand": "Puhoi Valley",
      "name": "Fresh Organic Light Milk",
      "displayName": "750ml",
      "availability": [
        "IN_STORE",
        "ONLINE"
      ],
      "saleType": "UNITS",
      "restrictedFlag": false,
      "liquorFlag": false,
      "tobaccoFlag": false,
      "originRegulated": false,
      "singlePrice": {
        "price": 399,
        "comparativePrice": {
          "pricePerUnit": 532,
          "unitQuantity": 1,
          "unitQuantityUom": "L",
          "measureDescription": "1L"
        }
      },
      "facets": [
        {
          "itemCode": "00020001",
          "itemDescription": "Organic"
        },
        {
          "itemCode": "00020012",
          "itemDescription": "Non-GMO"
        }
      ],
      "categoryTrees": [
        {
          "level0": "Fresh Foods & Bakery",
          "level1": "Dairy & Eggs",
          "level2": "Fresh Organic Milk"
        },
        {
          "level0": "Chilled, Frozen & Desserts",
          "level1": "Dairy & Eggs",
          "level2": "Fresh Organic Milk"
        }
      ],
      "cateredFlag": false
    },
    {
      "productId": "5226688-EA-000",
      "brand": "Magnum",
      "name": "Classic Ice Cream Tub",
      "displayName": "440ml",
      "availability": [
        "IN_STORE"
      ],
      "saleType": "UNITS",
      "restrictedFlag": false,
      "liquorFlag": false,
      "tobaccoFlag": false,
      "originRegulated": false,
      "marketingInitiatives": [
        {
          "themeCode": "0000",
          "initiativeCode": "AOV"
        },
        {
          "initiativeCode": "AOV"
        }
      ],
      "singlePrice": {
        "price": 749,
        "promoId": "128943996",
        "comparativePrice": {
          "pricePerUnit": 170,
          "unitQuantity": 100,
          "unitQuantityUom": "ml",
          "measureDescription": "100ml"
        }
      },
      "promotions": [
        {
          "promoId": "128943996",
          "rewardValue": 749,
          "decal": "6000",
          "sapType": "BASE",
          "rewardType": "NEW_PRICE",
          "threshold": 1,
          "limit": 0,
          "multiProducts": false,
          "cardDependencyFlag": false,
          "bestPromotion": true,
          "comparativePrice": {
            "pricePerUnit": 170,
            "unitQuantity": 100,
            "unitQuantityUom": "ml",
            "measureDescription": "100ml"
          }
        }
      ],
      "facets": [
        {
          "itemCode": "00020012",
          "itemDescription": "Non-GMO"
        },
        {
          "itemCode": "00020013",
          "itemDescription": "Vegan"
        }
      ],
      "categoryTrees": [
        {
          "level0": "Chilled, Frozen & Desserts",
          "level1": "Desserts",
          "level2": "Ice Cream & Frozen Yoghurt"
        }
      ],
      "cateredFlag": false
    },
    {
      "productId": "5081050-EA-000",
      "brand": "Yolo",
      "name": "Spanish Goats Cherve Log",
      "displayName": "100g",
      "availability": [
        "IN_STORE",
        "ONLINE"
      ],
      "saleType": "UNITS",
      "restrictedFlag": false,
      "liquorFlag": false,
      "tobaccoFlag": false,
      "originRegulated": false,
      "singlePrice": {
        "price": 519,
        "comparativePrice": {
          "pricePerUnit": 519,
          "unitQuantity": 100,
          "unitQuantityUom": "g",
          "measureDescription": "100g"
        }
      },
      "facets": [
        {
          "itemCode": "00020012",
          "itemDescription": "Non-GMO"
        }
      ],
      "categoryTrees": [
        {
          "level0": "Chilled, Frozen & Desserts",
          "level1": "Cheese",
          "level2": "Deli Specialty Cheeses"
        }
      ],
      "cateredFlag": false
    },
    {
      "productId": "5037699-EA-000",
      "brand": "Little Island Coconut Creamery",
      "name": "Original Coconut Milk",
      "displayName": "1l",
      "availability": [
        "IN_STORE",
        "ONLINE"
      ],
      "saleType": "UNITS",
      "restrictedFlag": false,
      "liquorFlag": false,
      "tobaccoFlag": false,
      "originRegulated": false,
      "singlePrice": {
        "price": 619,
        "comparativePrice": {
          "pricePerUnit": 619,
          "unitQuantity": 1,
          "unitQuantityUom": "L",
          "measureDescription": "1L"
        }
      },
      "facets": [
        {
          "itemCode": "00020007",
          "itemDescription": "Dairy Free"
        },
        {
          "itemCode": "00020001",
          "itemDescription": "Organic"
        },
        {
          "itemCode": "00020012",
          "itemDescription": "Non-GMO"
        },
        {
          "itemCode": "00020013",
          "itemDescription": "Vegan"
        },
        {
          "itemCode": "00020004",
          "itemDescription": "Gluten Free"
        }
      ],
      "categoryTrees": [
        {
          "level0": "Fresh Foods & Bakery",
          "level1": "Dairy & Eggs",
          "level2": "Flavoured Milk"
        },
        {
          "level0": "Chilled, Frozen & Desserts",
          "level1": "Dairy & Eggs",
          "level2": "Flavoured Milk"
        }
      ],
      "cateredFlag": false
    },
    {
      "productId": "5026522-EA-000",
      "brand": "Kapiti",
      "name": "Kahikatea Camembert Cheese",
      "displayName": "125g",
      "availability": [
        "IN_STORE",
        "ONLINE"
      ],
      "saleType": "UNITS",
      "restrictedFlag": false,
      "liquorFlag": false,
      "tobaccoFlag": false,
      "originRegulated": false,
      "singlePrice": {
        "price": 659,
        "comparativePrice": {
          "pricePerUnit": 527,
          "unitQuantity": 100,
          "unitQuantityUom": "g",
          "measureDescription": "100g"
        }
      },
      "facets": [
        {
          "itemCode": "00020012",
          "itemDescription": "Non-GMO"
        }
      ],
      "categoryTrees": [
        {
          "level0": "Chilled, Frozen & Desserts",
          "level1": "Cheese",
          "level2": "Deli Specialty Cheeses"
        }
      ],
      "cateredFlag": false
    },
    {
      "productId": "5203554-EA-000",
      "brand": "Food Snob",
      "name": "French Brie Cheese",
      "displayName": "200g",
      "availability": [
        "IN_STORE",
        "ONLINE"
      ],
      "saleType": "UNITS",
      "restrictedFlag": false,
      "liquorFlag": false,
      "tobaccoFlag": false,
      "originRegulated": false,
      "singlePrice": {
        "price": 1199,
        "comparativePrice": {
          "pricePerUnit": 600,
          "unitQuantity": 100,
          "unitQuantityUom": "g",
          "measureDescription": "100g"
        }
      },
      "categoryTrees": [
        {
          "level0": "Chilled, Frozen & Desserts",
          "level1": "Cheese",
          "level2": "Deli Specialty Cheeses"
        }
      ],
      "cateredFlag": false
    },
    {
      "productId": "5210318-EA-000",
      "brand": "Pams",
      "name": "Tasty Cheddar Natural Cheese & Crackers",
      "displayName": "120g",
      "availability": [
        "IN_STORE",
        "ONLINE"
      ],
      "saleType": "UNITS",
      "restrictedFlag": false,
      "liquorFlag": false,
      "tobaccoFlag": false,
      "originRegulated": false,
      "singlePrice": {
        "price": 499,
        "comparativePrice": {
          "pricePerUnit": 416,
          "unitQuantity": 100,
          "unitQuantityUom": "g",
          "measureDescription": "100g"
        }
      },
      "facets": [
        {
          "itemCode": "00020012",
          "itemDescription": "Non-GMO"
        }
      ],
      "categoryTrees": [
        {
          "level0": "Chilled, Frozen & Desserts",
          "level1": "Cheese",
          "level2": "Cheese Slices"
        }
      ],
      "cateredFlag": false
    },
    {
      "productId": "5045366-EA-000",
      "brand": "Oxford Pies",
      "name": "Custard Dessert Pie",
      "displayName": "165g",
      "availability": [
        "IN_STORE",
        "ONLINE"
      ],
      "saleType": "UNITS",
      "restrictedFlag": false,
      "liquorFlag": false,
      "tobaccoFlag": false,
      "originRegulated": false,
      "singlePrice": {
        "price": 389,
        "comparativePrice": {
          "pricePerUnit": 236,
          "unitQuantity": 100,
          "unitQuantityUom": "g",
          "measureDescription": "100g"
        }
      },
      "categoryTrees": [
        {
          "level0": "Chilled, Frozen & Desserts",
          "level1": "Desserts",
          "level2": "Dessert Pastries"
        }
      ],
      "cateredFlag": false
    },
    {
      "productId": "5279130-EA-000",
      "brand": "Lewis Road Creamery",
      "name": "Fresh Strawberries & Cream Milk",
      "displayName": "750ml",
      "availability": [
        "IN_STORE",
        "ONLINE"
      ],
      "saleType": "UNITS",
      "restrictedFlag": false,
      "liquorFlag": false,
      "tobaccoFlag": false,
      "originRegulated": false,
      "singlePrice": {
        "price": 599,
        "promoId": "129016510",
        "comparativePrice": {
          "pricePerUnit": 799,
          "unitQuantity": 1,
          "unitQuantityUom": "L",
          "measureDescription": "1L"
        }
      },
      "promotions": [
        {
          "promoId": "129016510",
          "rewardValue": 599,
          "decal": "6000",
          "sapType": "BASE",
          "rewardType": "NEW_PRICE",
          "threshold": 1,
          "limit": 0,
          "multiProducts": false,
          "cardDependencyFlag": false,
          "bestPromotion": true,
          "comparativePrice": {
            "pricePerUnit": 799,
            "unitQuantity": 1,
            "unitQuantityUom": "L",
            "measureDescription": "1L"
          }
        }
      ],
      "categoryTrees": [
        {
          "level0": "Fresh Foods & Bakery",
          "level1": "Dairy & Eggs",
          "level2": "Flavoured Milk"
        },
        {
          "level0": "Chilled, Frozen & Desserts",
          "level1": "Dairy & Eggs",
          "level2": "Flavoured Milk"
        }
      ],
      "cateredFlag": false
    },
    {
      "productId": "5295182-EA-000",
      "brand": "Pams",
      "name": "Rocky Road Ice Cream",
      "displayName": "1l",
      "availability": [
        "IN_STORE",
        "ONLINE"
      ],
      "saleType": "UNITS",
      "restrictedFlag": false,
      "liquorFlag": false,
      "tobaccoFlag": false,
      "originRegulated": false,
      "singlePrice": {
        "price": 659,
        "comparativePrice": {
          "pricePerUnit": 66,
          "unitQuantity": 100,
          "unitQuantityUom": "ml",
          "measureDescription": "100ml"
        }
      },
      "facets": [
        {
          "itemCode": "00020004",
          "itemDescription": "Gluten Free"
        },
        {
          "itemCode": "00020012",
          "itemDescription": "Non-GMO"
        }
      ],
      "categoryTrees": [
        {
          "level0": "Chilled, Frozen & Desserts",
          "level1": "Desserts",
          "level2": "Ice Cream & Frozen Yoghurt"
        },
        {
          "level0": "Featured",
          "level1": "Pams",
          "level2": "Desserts"
        }
      ],
      "cateredFlag": false
    },
    {
      "productId": "5228202-EA-000",
      "brand": "Golden Downs",
      "name": "Organic Free Range Mixed Grade Eggs",
      "displayName": "12pk",
      "availability": [
        "IN_STORE",
        "ONLINE"
      ],
      "saleType": "UNITS",
      "restrictedFlag": false,
      "liquorFlag": false,
      "tobaccoFlag": false,
      "originRegulated": false,
      "singlePrice": {
        "price": 1749,
        "comparativePrice": {
          "pricePerUnit": 146,
          "unitQuantity": 1,
          "unitQuantityUom": "ea",
          "measureDescription": "ea"
        }
      },
      "facets": [
        {
          "itemCode": "00020001",
          "itemDescription": "Organic"
        },
        {
          "itemCode": "00020003",
          "itemDescription": "Free Range"
        }
      ],
      "categoryTrees": [
        {
          "level0": "Fresh Foods & Bakery",
          "level1": "Dairy & Eggs",
          "level2": "Eggs"
        },
        {
          "level0": "Chilled, Frozen & Desserts",
          "level1": "Dairy & Eggs",
          "level2": "Eggs"
        }
      ],
      "cateredFlag": false
    },
    {
      "productId": "5204442-EA-000",
      "brand": "Food Snob",
      "name": "French Camembert Cheese",
      "displayName": "200g",
      "availability": [
        "IN_STORE",
        "ONLINE"
      ],
      "saleType": "UNITS",
      "restrictedFlag": false,
      "liquorFlag": false,
      "tobaccoFlag": false,
      "originRegulated": false,
      "singlePrice": {
        "price": 1199,
        "comparativePrice": {
          "pricePerUnit": 600,
          "unitQuantity": 100,
          "unitQuantityUom": "g",
          "measureDescription": "100g"
        }
      },
      "categoryTrees": [
        {
          "level0": "Chilled, Frozen & Desserts",
          "level1": "Cheese",
          "level2": "Deli Specialty Cheeses"
        }
      ],
      "cateredFlag": false
    },
    {
      "productId": "5012518-EA-000",
      "brand": "Waimata",
      "name": "Traditional Camembert Cheese",
      "displayName": "250g",
      "availability": [
        "IN_STORE",
        "ONLINE"
      ],
      "saleType": "UNITS",
      "restrictedFlag": false,
      "liquorFlag": false,
      "tobaccoFlag": false,
      "originRegulated": false,
      "singlePrice": {
        "price": 1079,
        "comparativePrice": {
          "pricePerUnit": 432,
          "unitQuantity": 100,
          "unitQuantityUom": "g",
          "measureDescription": "100g"
        }
      },
      "categoryTrees": [
        {
          "level0": "Chilled, Frozen & Desserts",
          "level1": "Cheese",
          "level2": "Deli Specialty Cheeses"
        }
      ],
      "cateredFlag": false
    },
    {
      "productId": "5001688-EA-000",
      "brand": "Kapiti",
      "name": "Kirimi Chilli & Garlic Triple Cream Cheese",
      "displayName": "125g",
      "availability": [
        "IN_STORE",
        "ONLINE"
      ],
      "saleType": "UNITS",
      "restrictedFlag": false,
      "liquorFlag": false,
      "tobaccoFlag": false,
      "originRegulated": false,
      "singlePrice": {
        "price": 889,
        "comparativePrice": {
          "pricePerUnit": 711,
          "unitQuantity": 100,
          "unitQuantityUom": "g",
          "measureDescription": "100g"
        }
      },
      "facets": [
        {
          "itemCode": "00020012",
          "itemDescription": "Non-GMO"
        }
      ],
      "categoryTrees": [
        {
          "level0": "Chilled, Frozen & Desserts",
          "level1": "Cheese",
          "level2": "Deli Specialty Cheeses"
        }
      ],
      "cateredFlag": false
    },
    {
      "productId": "5012059-EA-000",
      "brand": "Biofarm",
      "name": "Natural Organic Low Fat Yoghurt",
      "displayName": "1l",
      "availability": [
        "IN_STORE",
        "ONLINE"
      ],
      "saleType": "UNITS",
      "restrictedFlag": false,
      "liquorFlag": false,
      "tobaccoFlag": false,
      "originRegulated": false,
      "singlePrice": {
        "price": 779,
        "comparativePrice": {
          "pricePerUnit": 78,
          "unitQuantity": 100,
          "unitQuantityUom": "ml",
          "measureDescription": "100ml"
        }
      },
      "facets": [
        {
          "itemCode": "00020001",
          "itemDescription": "Organic"
        },
        {
          "itemCode": "00020009",
          "itemDescription": "Low Fat"
        }
      ],
      "categoryTrees": [
        {
          "level0": "Fresh Foods & Bakery",
          "level1": "Dairy & Eggs",
          "level2": "Yoghurt & Dairy Food"
        },
        {
          "level0": "Chilled, Frozen & Desserts",
          "level1": "Dairy & Eggs",
          "level2": "Yoghurt & Dairy Food"
        }
      ],
      "cateredFlag": false
    },
    {
      "productId": "5253214-EA-000",
      "brand": "Kingfisher Seafood",
      "name": "Cooked Tail On Prawns",
      "displayName": "500g",
      "availability": [
        "IN_STORE",
        "ONLINE"
      ],
      "saleType": "UNITS",
      "restrictedFlag": false,
      "liquorFlag": false,
      "tobaccoFlag": false,
      "originRegulated": false,
      "singlePrice": {
        "price": 1399,
        "promoId": "129000456",
        "comparativePrice": {
          "pricePerUnit": 2798,
          "unitQuantity": 1,
          "unitQuantityUom": "kg",
          "measureDescription": "1kg"
        }
      },
      "promotions": [
        {
          "promoId": "129000456",
          "rewardValue": 1399,
          "decal": "6000",
          "sapType": "BASE",
          "rewardType": "NEW_PRICE",
          "threshold": 1,
          "limit": 0,
          "multiProducts": false,
          "cardDependencyFlag": false,
          "bestPromotion": true,
          "comparativePrice": {
            "pricePerUnit": 2798,
            "unitQuantity": 1,
            "unitQuantityUom": "kg",
            "measureDescription": "1kg"
          }
        }
      ],
      "categoryTrees": [
        {
          "level0": "Chilled, Frozen & Desserts",
          "level1": "Frozen Foods",
          "level2": "Frozen Seafood"
        }
      ],
      "cateredFlag": false
    },
    {
      "productId": "5006532-EA-000",
      "brand": "Shore Mariner",
      "name": "Raw Broken Vannamei 60/80 Prawn Meat",
      "displayName": "1kg",
      "availability": [
        "IN_STORE",
        "ONLINE"
      ],
      "saleType": "UNITS",
      "restrictedFlag": false,
      "liquorFlag": false,
      "tobaccoFlag": false,
      "originRegulated": true,
      "originStatement": "Product of China/Product of India/Product of Vietnam",
      "singlePrice": {
        "price": 2199,
        "comparativePrice": {
          "pricePerUnit": 2199,
          "unitQuantity": 1,
          "unitQuantityUom": "kg",
          "measureDescription": "1kg"
        }
      },
      "categoryTrees": [
        {
          "level0": "Chilled, Frozen & Desserts",
          "level1": "Frozen Foods",
          "level2": "Frozen Seafood"
        }
      ],
      "cateredFlag": false
    },
    {
      "productId": "5270619-EA-000",
      "brand": "Lemnos",
      "name": "Cyprus Style Haloumi Twin Pack",
      "displayName": "2 x 100g",
      "availability": [
        "IN_STORE",
        "ONLINE"
      ],
      "saleType": "UNITS",
      "restrictedFlag": false,
      "liquorFlag": false,
      "tobaccoFlag": false,
      "originRegulated": false,
      "singlePrice": {
        "price": 929,
        "comparativePrice": {
          "pricePerUnit": 465,
          "unitQuantity": 100,
          "unitQuantityUom": "g",
          "measureDescription": "100g"
        }
      },
      "categoryTrees": [
        {
          "level0": "Chilled, Frozen & Desserts",
          "level1": "Cheese",
          "level2": "Deli Specialty Cheeses"
        }
      ],
      "cateredFlag": false
    },
    {
      "productId": "5022803-EA-000",
      "brand": "Dairyworks",
      "name": "Edam & Rice Crackers",
      "displayName": "50g",
      "availability": [
        "IN_STORE",
        "ONLINE"
      ],
      "saleType": "UNITS",
      "restrictedFlag": false,
      "liquorFlag": false,
      "tobaccoFlag": false,
      "originRegulated": false,
      "singlePrice": {
        "price": 279,
        "comparativePrice": {
          "pricePerUnit": 558,
          "unitQuantity": 100,
          "unitQuantityUom": "g",
          "measureDescription": "100g"
        }
      },
      "facets": [
        {
          "itemCode": "00020014",
          "itemDescription": "Vegetarian"
        },
        {
          "itemCode": "00020012",
          "itemDescription": "Non-GMO"
        }
      ],
      "categoryTrees": [
        {
          "level0": "Chilled, Frozen & Desserts",
          "level1": "Cheese",
          "level2": "Cheese Slices"
        }
      ],
      "cateredFlag": false
    },
    {
      "productId": "5021202-EA-000",
      "brand": "Quorn",
      "name": "Vegetarian Frozen Meal",
      "displayName": "300g",
      "availability": [
        "IN_STORE",
        "ONLINE"
      ],
      "saleType": "UNITS",
      "restrictedFlag": false,
      "liquorFlag": false,
      "tobaccoFlag": false,
      "originRegulated": false,
      "singlePrice": {
        "price": 799,
        "comparativePrice": {
          "pricePerUnit": 266,
          "unitQuantity": 100,
          "unitQuantityUom": "g",
          "measureDescription": "100g"
        }
      },
      "facets": [
        {
          "itemCode": "00020004",
          "itemDescription": "Gluten Free"
        },
        {
          "itemCode": "00020014",
          "itemDescription": "Vegetarian"
        },
        {
          "itemCode": "00020009",
          "itemDescription": "Low Fat"
        }
      ],
      "categoryTrees": [
        {
          "level0": "Chilled, Frozen & Desserts",
          "level1": "Frozen Foods",
          "level2": "Frozen Vegetarian"
        }
      ],
      "cateredFlag": false
    },
    {
      "productId": "5012913-EA-000",
      "brand": "Tegel",
      "name": "Nibbles",
      "displayName": "1.5kg",
      "availability": [
        "IN_STORE",
        "ONLINE"
      ],
      "saleType": "UNITS",
      "restrictedFlag": false,
      "liquorFlag": false,
      "tobaccoFlag": false,
      "originRegulated": false,
      "singlePrice": {
        "price": 1799,
        "comparativePrice": {
          "pricePerUnit": 1199,
          "unitQuantity": 1,
          "unitQuantityUom": "kg",
          "measureDescription": "1kg"
        }
      },
      "categoryTrees": [
        {
          "level0": "Chilled, Frozen & Desserts",
          "level1": "Frozen Foods",
          "level2": "Frozen Chicken & Poultry"
        }
      ],
      "cateredFlag": false
    },
    {
      "productId": "5279263-EA-000",
      "brand": "Mersey Valley Club",
      "name": "Pickled Onion Vintage Club Cheddar Cheese",
      "displayName": "235g",
      "availability": [
        "IN_STORE",
        "ONLINE"
      ],
      "saleType": "UNITS",
      "restrictedFlag": false,
      "liquorFlag": false,
      "tobaccoFlag": false,
      "originRegulated": false,
      "singlePrice": {
        "price": 989,
        "comparativePrice": {
          "pricePerUnit": 421,
          "unitQuantity": 100,
          "unitQuantityUom": "g",
          "measureDescription": "100g"
        }
      },
      "categoryTrees": [
        {
          "level0": "Chilled, Frozen & Desserts",
          "level1": "Cheese",
          "level2": "Deli Specialty Cheeses"
        }
      ],
      "cateredFlag": false
    },
    {
      "productId": "5252809-EA-000",
      "brand": "Meyer",
      "name": "Cumin Gouda Cheese",
      "displayName": "130g",
      "availability": [
        "IN_STORE",
        "ONLINE"
      ],
      "saleType": "UNITS",
      "restrictedFlag": false,
      "liquorFlag": false,
      "tobaccoFlag": false,
      "originRegulated": false,
      "singlePrice": {
        "price": 779,
        "comparativePrice": {
          "pricePerUnit": 599,
          "unitQuantity": 100,
          "unitQuantityUom": "g",
          "measureDescription": "100g"
        }
      },
      "categoryTrees": [
        {
          "level0": "Chilled, Frozen & Desserts",
          "level1": "Cheese",
          "level2": "Deli Specialty Cheeses"
        }
      ],
      "cateredFlag": false
    },
    {
      "productId": "5277849-EA-000",
      "brand": "Kapiti",
      "name": "Pakari Blackcurrant Aged Cheddar Cheese",
      "displayName": "170g",
      "availability": [
        "IN_STORE",
        "ONLINE"
      ],
      "saleType": "UNITS",
      "restrictedFlag": false,
      "liquorFlag": false,
      "tobaccoFlag": false,
      "originRegulated": false,
      "singlePrice": {
        "price": 1069,
        "promoId": "128991815",
        "comparativePrice": {
          "pricePerUnit": 629,
          "unitQuantity": 100,
          "unitQuantityUom": "g",
          "measureDescription": "100g"
        }
      },
      "promotions": [
        {
          "promoId": "128991815",
          "rewardValue": 1069,
          "decal": "6000",
          "sapType": "BASE",
          "rewardType": "NEW_PRICE",
          "threshold": 1,
          "limit": 0,
          "multiProducts": false,
          "cardDependencyFlag": false,
          "bestPromotion": true,
          "comparativePrice": {
            "pricePerUnit": 629,
            "unitQuantity": 100,
            "unitQuantityUom": "g",
            "measureDescription": "100g"
          }
        }
      ],
      "facets": [
        {
          "itemCode": "00020012",
          "itemDescription": "Non-GMO"
        }
      ],
      "categoryTrees": [
        {
          "level0": "Chilled, Frozen & Desserts",
          "level1": "Cheese",
          "level2": "Deli Specialty Cheeses"
        }
      ],
      "cateredFlag": false
    },
    {
      "productId": "5007654-EA-000",
      "brand": "Whitestone Cheese Co",
      "name": "Creamy Havarti Cheese",
      "displayName": "110g",
      "availability": [
        "IN_STORE",
        "ONLINE"
      ],
      "saleType": "UNITS",
      "restrictedFlag": false,
      "liquorFlag": false,
      "tobaccoFlag": false,
      "originRegulated": false,
      "singlePrice": {
        "price": 599,
        "promoId": "128991670",
        "comparativePrice": {
          "pricePerUnit": 545,
          "unitQuantity": 100,
          "unitQuantityUom": "g",
          "measureDescription": "100g"
        }
      },
      "promotions": [
        {
          "promoId": "128991670",
          "rewardValue": 599,
          "decal": "6000",
          "sapType": "BASE",
          "rewardType": "NEW_PRICE",
          "threshold": 1,
          "limit": 0,
          "multiProducts": false,
          "cardDependencyFlag": false,
          "bestPromotion": true,
          "comparativePrice": {
            "pricePerUnit": 545,
            "unitQuantity": 100,
            "unitQuantityUom": "g",
            "measureDescription": "100g"
          }
        }
      ],
      "categoryTrees": [
        {
          "level0": "Chilled, Frozen & Desserts",
          "level1": "Cheese",
          "level2": "Deli Specialty Cheeses"
        }
      ],
      "cateredFlag": false
    },
    {
      "productId": "5254238-EA-000",
      "brand": "Food Snob",
      "name": "Greek Feta Cheese",
      "displayName": "150g",
      "availability": [
        "IN_STORE",
        "ONLINE"
      ],
      "saleType": "UNITS",
      "restrictedFlag": false,
      "liquorFlag": false,
      "tobaccoFlag": false,
      "originRegulated": false,
      "singlePrice": {
        "price": 779,
        "comparativePrice": {
          "pricePerUnit": 519,
          "unitQuantity": 100,
          "unitQuantityUom": "g",
          "measureDescription": "100g"
        }
      },
      "categoryTrees": [
        {
          "level0": "Chilled, Frozen & Desserts",
          "level1": "Cheese",
          "level2": "Specialty Cheeses"
        }
      ],
      "cateredFlag": false
    },
    {
      "productId": "5085518-EA-000",
      "brand": "Zany Zeus",
      "name": "Greek Yoghurt",
      "displayName": "1kg",
      "availability": [
        "IN_STORE",
        "ONLINE"
      ],
      "saleType": "UNITS",
      "restrictedFlag": false,
      "liquorFlag": false,
      "tobaccoFlag": false,
      "originRegulated": false,
      "singlePrice": {
        "price": 1099,
        "comparativePrice": {
          "pricePerUnit": 110,
          "unitQuantity": 100,
          "unitQuantityUom": "g",
          "measureDescription": "100g"
        }
      },
      "facets": [
        {
          "itemCode": "00020012",
          "itemDescription": "Non-GMO"
        }
      ],
      "categoryTrees": [
        {
          "level0": "Fresh Foods & Bakery",
          "level1": "Dairy & Eggs",
          "level2": "Yoghurt & Dairy Food"
        },
        {
          "level0": "Chilled, Frozen & Desserts",
          "level1": "Dairy & Eggs",
          "level2": "Yoghurt & Dairy Food"
        }
      ],
      "cateredFlag": false
    },
    {
      "productId": "5262798-EA-000",
      "brand": "Birds Eye",
      "name": "Deli Crisp Light Batter New Zealand Hoki",
      "displayName": "250g",
      "availability": [
        "IN_STORE",
        "ONLINE"
      ],
      "saleType": "UNITS",
      "restrictedFlag": false,
      "liquorFlag": false,
      "tobaccoFlag": false,
      "originRegulated": false,
      "singlePrice": {
        "price": 949,
        "comparativePrice": {
          "pricePerUnit": 3796,
          "unitQuantity": 1,
          "unitQuantityUom": "kg",
          "measureDescription": "1kg"
        }
      },
      "categoryTrees": [
        {
          "level0": "Chilled, Frozen & Desserts",
          "level1": "Frozen Foods",
          "level2": "Frozen Fish"
        }
      ],
      "cateredFlag": false
    },
    {
      "productId": "5256269-EA-000",
      "brand": "Kapiti",
      "name": "Kanuka Creamy Havarti Cheese",
      "displayName": "175g",
      "availability": [
        "IN_STORE",
        "ONLINE"
      ],
      "saleType": "UNITS",
      "restrictedFlag": false,
      "liquorFlag": false,
      "tobaccoFlag": false,
      "originRegulated": false,
      "singlePrice": {
        "price": 1049,
        "promoId": "128991817",
        "comparativePrice": {
          "pricePerUnit": 599,
          "unitQuantity": 100,
          "unitQuantityUom": "g",
          "measureDescription": "100g"
        }
      },
      "promotions": [
        {
          "promoId": "128991817",
          "rewardValue": 1049,
          "decal": "6000",
          "sapType": "BASE",
          "rewardType": "NEW_PRICE",
          "threshold": 1,
          "limit": 0,
          "multiProducts": false,
          "cardDependencyFlag": false,
          "bestPromotion": true,
          "comparativePrice": {
            "pricePerUnit": 599,
            "unitQuantity": 100,
            "unitQuantityUom": "g",
            "measureDescription": "100g"
          }
        }
      ],
      "facets": [
        {
          "itemCode": "00020012",
          "itemDescription": "Non-GMO"
        }
      ],
      "categoryTrees": [
        {
          "level0": "Chilled, Frozen & Desserts",
          "level1": "Cheese",
          "level2": "Deli Specialty Cheeses"
        }
      ],
      "cateredFlag": false
    },
    {
      "productId": "5229753-EA-000",
      "brand": "Vegie Delights",
      "name": "Meat Free Smokey BBQ Burgers",
      "displayName": "300g",
      "availability": [
        "IN_STORE",
        "ONLINE"
      ],
      "saleType": "UNITS",
      "restrictedFlag": false,
      "liquorFlag": false,
      "tobaccoFlag": false,
      "originRegulated": false,
      "singlePrice": {
        "price": 999,
        "comparativePrice": {
          "pricePerUnit": 333,
          "unitQuantity": 100,
          "unitQuantityUom": "g",
          "measureDescription": "100g"
        }
      },
      "facets": [
        {
          "itemCode": "00020014",
          "itemDescription": "Vegetarian"
        },
        {
          "itemCode": "00020012",
          "itemDescription": "Non-GMO"
        }
      ],
      "categoryTrees": [
        {
          "level0": "Chilled, Frozen & Desserts",
          "level1": "Frozen Foods",
          "level2": "Frozen Vegetarian"
        }
      ],
      "cateredFlag": false
    },
    {
      "productId": "5278708-EA-000",
      "brand": "Kapiti",
      "name": "Akatea Creamy Brie Cheese",
      "displayName": "125g",
      "availability": [
        "IN_STORE",
        "ONLINE"
      ],
      "saleType": "UNITS",
      "restrictedFlag": false,
      "liquorFlag": false,
      "tobaccoFlag": false,
      "originRegulated": false,
      "singlePrice": {
        "price": 659,
        "comparativePrice": {
          "pricePerUnit": 527,
          "unitQuantity": 100,
          "unitQuantityUom": "g",
          "measureDescription": "100g"
        }
      },
      "facets": [
        {
          "itemCode": "00020012",
          "itemDescription": "Non-GMO"
        }
      ],
      "categoryTrees": [
        {
          "level0": "Chilled, Frozen & Desserts",
          "level1": "Cheese",
          "level2": "Deli Specialty Cheeses"
        }
      ],
      "cateredFlag": false
    },
    {
      "productId": "5283253-EA-000",
      "brand": "Little Island Coconut Creamery",
      "name": "Chocolate Coconut Ice Cream",
      "displayName": "900ml",
      "availability": [
        "IN_STORE",
        "ONLINE"
      ],
      "saleType": "UNITS",
      "restrictedFlag": false,
      "liquorFlag": false,
      "tobaccoFlag": false,
      "originRegulated": false,
      "singlePrice": {
        "price": 1079,
        "comparativePrice": {
          "pricePerUnit": 120,
          "unitQuantity": 100,
          "unitQuantityUom": "ml",
          "measureDescription": "100ml"
        }
      },
      "facets": [
        {
          "itemCode": "00020012",
          "itemDescription": "Non-GMO"
        },
        {
          "itemCode": "00020013",
          "itemDescription": "Vegan"
        },
        {
          "itemCode": "00020007",
          "itemDescription": "Dairy Free"
        },
        {
          "itemCode": "00020001",
          "itemDescription": "Organic"
        },
        {
          "itemCode": "00020004",
          "itemDescription": "Gluten Free"
        }
      ],
      "categoryTrees": [
        {
          "level0": "Chilled, Frozen & Desserts",
          "level1": "Desserts",
          "level2": "Ice Cream & Frozen Yoghurt"
        }
      ],
      "cateredFlag": false
    },
    {
      "productId": "5034423-EA-000",
      "brand": "Kapiti",
      "name": "Awa Bold Blue Cheese",
      "displayName": "125g",
      "availability": [
        "IN_STORE",
        "ONLINE"
      ],
      "saleType": "UNITS",
      "restrictedFlag": false,
      "liquorFlag": false,
      "tobaccoFlag": false,
      "originRegulated": false,
      "singlePrice": {
        "price": 939,
        "comparativePrice": {
          "pricePerUnit": 751,
          "unitQuantity": 100,
          "unitQuantityUom": "g",
          "measureDescription": "100g"
        }
      },
      "facets": [
        {
          "itemCode": "00020012",
          "itemDescription": "Non-GMO"
        }
      ],
      "categoryTrees": [
        {
          "level0": "Chilled, Frozen & Desserts",
          "level1": "Cheese",
          "level2": "Deli Specialty Cheeses"
        }
      ],
      "cateredFlag": false
    },
    {
      "productId": "5021207-EA-000",
      "brand": "Quorn",
      "name": "Schnitzel Chicken & Cheese Vegetarian Frozen Meal",
      "displayName": "240g",
      "availability": [
        "IN_STORE",
        "ONLINE"
      ],
      "saleType": "UNITS",
      "restrictedFlag": false,
      "liquorFlag": false,
      "tobaccoFlag": false,
      "originRegulated": false,
      "singlePrice": {
        "price": 799,
        "comparativePrice": {
          "pricePerUnit": 333,
          "unitQuantity": 100,
          "unitQuantityUom": "g",
          "measureDescription": "100g"
        }
      },
      "facets": [
        {
          "itemCode": "00020014",
          "itemDescription": "Vegetarian"
        }
      ],
      "categoryTrees": [
        {
          "level0": "Chilled, Frozen & Desserts",
          "level1": "Frozen Foods",
          "level2": "Frozen Vegetarian"
        }
      ],
      "cateredFlag": false
    }
  ],
  "algoliaSearchResult": {
    "facets": {
      "brand": {
        "Pams": 108,
        "Anchor": 63,
        "Tip Top": 49,
        "Meadow Fresh": 46,
        "Mainland": 45,
        "Kapiti": 38,
        "The Collective": 35,
        "Fresh 'n Fruity": 29,
        "Puhoi Valley": 26,
        "Lewis Road Creamery": 25,
        "McCain": 25,
        "Magnum": 22,
        "Wattie's": 22,
        "Tegel": 21,
        "Food Snob": 19,
        "Whitestone Cheese Co": 19,
        "Farmer Brown": 18,
        "Aunt Betty's": 17,
        "Leader": 17,
        "Much Moore": 17,
        "Yoplait": 16,
        "Castello": 14,
        "Dairyworks": 14,
        "Birds Eye": 13,
        "Emborg": 13,
        "Streets": 13,
        "Fruzio": 12,
        "Shore Mariner": 12,
        "Ben & Jerry's": 11,
        "Fisherking": 11,
        "Hansells": 11,
        "Rolling Meadow": 11,
        "Gopala": 10,
        "Gregg's": 10,
        "Hutchinsons": 10,
        "Sealord": 10,
        "Vitasoy": 10,
        "Easiyo": 9,
        "Moogurt": 9,
        "Pams Value": 9,
        "Raglan Coconut Yoghurt": 9,
        "Angel Bay": 8,
        "De Gustibus": 8,
        "Flora": 8,
        "KungFood": 8,
        "Little Island Coconut Creamery": 8,
        "Talbot Forest": 8,
        "Leanne's Kitchen": 7,
        "Moondarra Cheese": 7,
        "Nudairy's": 7,
        "Philadelphia": 7,
        "Primo": 7,
        "Quorn": 7,
        "Woodland": 7,
        "Barrys Bay": 6,
        "Cadbury": 6,
        "Chesdale": 6,
        "Goodness Kitchen": 6,
        "Ingham's": 6,
        "Massimo's": 6,
        "Meyer": 6,
        "Mr Chips": 6,
        "Olivani": 6,
        "On The Menu": 6,
        "Ornelle": 6,
        "Perfect Italiano": 6,
        "Sara Lee": 6,
        "Tatua": 6,
        "Waimata": 6,
        "Zenzo": 6,
        "Alpro": 5,
        "Birds Eye Oven Bake": 5,
        "Boss": 5,
        "Bouton d'Or": 5,
        "Chicago": 5,
        "Henergy": 5,
        "Juicy": 5,
        "Kingfisher Seafood": 5,
        "Oxford Pies": 5,
        "Pams Plant Based": 5,
        "Sanitarium So Good": 5,
        "Tasman Bay": 5,
        "The Cuisine Canteen": 5,
        "Tip Top Crave": 5,
        "Waitoa": 5,
        "Yolo": 5,
        "Angel Food": 4,
        "Better Eggs": 4,
        "Cartel Food Co": 4,
        "Cathedral Cove Naturals": 4,
        "Coombe Castle": 4,
        "Duck Island": 4,
        "Frozen Harvest": 4,
        "Galaxy": 4,
        "Lets Eat": 4,
        "Mammoth Supply Co.": 4,
        "Meadowlea": 4,
        "Nanna's": 4,
        "Nippy's": 4,
        "Nishin": 4
      },
      "category1NI": {
        "Dairy & Eggs": 462,
        "Frozen Foods": 378,
        "Cheese": 328,
        "Desserts": 273,
        "Pams": 80,
        "Ready to Heat": 43,
        "Cold Drinks": 27,
        "Bakery": 1,
        "Butchery": 1,
        "Canned & Prepared Foods": 1,
        "Household": 1
      },
      "onPromotion": {
        "c3f9e1a3-fc34-452d-af2e-95349e666ba4": 412,
        "5cf0392f-c187-4fc4-a463-eb269d2e8f45": 392,
        "be4c4780-218e-425a-a90f-63e21773572b": 382,
        "90082979-fb9f-4305-9c72-83274fc438cc": 380,
        "8cd700ae-d96f-4761-bd7a-805d6b93536d": 378,
        "61dd754e-8525-4b9e-9e08-173389eea8a8": 376,
        "2ed73be8-936d-4f35-9398-75a707f40a7b": 373,
        "dbca5e00-f7f9-43ae-91de-031ad16f8a92": 373,
        "d8032da3-c1b9-456e-b626-41ce21f8c67b": 371,
        "4a279605-eaa8-470d-bcd4-0a9e3c9ab43b": 362,
        "b29a98bd-749c-489c-9eef-6aa38e66a29b": 361,
        "715f0e22-95e0-45ce-af3a-07057209976e": 350,
        "92086ded-a55d-4241-a364-7d7ea91531b4": 341,
        "21ecaaed-0749-4492-985e-4bb7ba43d59c": 328,
        "33d8d6fc-861a-45ff-9937-5ccdb55eaede": 324,
        "64eab5b1-8d79-45f4-94f1-02b8cf8b6202": 302,
        "3c5e3145-0767-4066-9349-6c0a1313acc5": 297,
        "65defcf2-bc15-490e-a84f-1f13b769cd22": 295,
        "3bb30799-82ce-4648-8c02-5113228963ed": 284,
        "53989945-1a28-481d-a61c-d6f75f760ada": 284,
        "e1925ea7-01bc-4358-ae7c-c6502da5ab12": 280,
        "6e6809dd-01bc-45c9-aab1-f01ccd8338b0": 278,
        "15e6f441-5c1c-4d25-b4ec-1adf918c49c7": 277,
        "49037947-e450-49bf-ba1f-a94551c79a72": 276,
        "c0f80e87-16be-4488-9553-da437e8c6c2a": 275,
        "c180a72d-5dbe-4403-b7c7-91655e505492": 275,
        "98ec3885-ac93-4fcb-807b-59c9055c52c4": 273,
        "b92cc33f-b5a8-4b57-9b82-412946800020": 270,
        "3404c253-577f-45ca-b301-c98312e46efb": 269,
        "3bfe040b-f0c9-45e0-949b-b9ad5a591d55": 269,
        "4fcc1c8e-cc5e-4675-ba25-5e56b579cf69": 269,
        "01a114de-149c-4f5f-80a1-90cc63f69c6e": 267,
        "6cda96e1-7d29-44a6-956b-3fcfdecc8184": 267,
        "48dd98cc-a757-4102-b15d-ea82b4b10571": 266,
        "5f167936-79ae-4f6a-b9d2-74afe1bb096b": 261,
        "1c388d5e-29ac-4956-b476-cb3431353d2e": 259,
        "8f0d70be-5cb7-464b-99cb-8b0130671895": 259,
        "a7d09522-bee2-41e4-8fe0-0b82b7f342f5": 259,
        "d1cd1fdd-8767-46a6-a8d3-c3e0632c2dc8": 258,
        "9cd8eb60-3222-4efc-bd7c-50e03e6a81a4": 254,
        "c2204dae-579e-4b6b-9d42-2e13ceaa6031": 254,
        "b83029b6-5dd5-449e-8056-26f3943a4e18": 253,
        "60561e46-ece7-43a7-b142-9b14812586e4": 250,
        "7d48a781-4f68-4c91-a908-8659e1b22f95": 249,
        "076e8177-943b-41fc-a885-ba3d28297acf": 248,
        "6c73764e-b8e6-4e55-ad37-f6a9d207da1f": 248,
        "714431ab-6e39-4df6-ac77-cfc5c1e25bc8": 248,
        "529d66cc-60e3-432e-b8d1-efc9f2ec4919": 247,
        "b39562a4-2b72-43fe-b9ba-eda1d651ad0b": 245,
        "b2e98a14-c8ca-401e-99ed-edf74570c6f6": 242,
        "d6d39eea-889d-4e20-923c-55cab225cf7f": 238,
        "50b1216b-d066-4457-b88b-9bccf97bf6d3": 237,
        "af385423-d0f1-41f0-9482-ffd10b745143": 237,
        "3e82142c-78dc-46f3-82ec-28e65fcf84c9": 215,
        "94ef1985-cab1-4b39-a2f3-230120f03c16": 192
      },
      "productFacets": {
        "Non-GMO": 878,
        "Gluten Free": 219,
        "Vegetarian": 162,
        "Low Fat": 108,
        "Dairy Free": 107,
        "Vegan": 70,
        "Halal": 61,
        "Free Range": 47,
        "Cage Free": 39,
        "Organic": 34,
        "Low Sugar": 22,
        "Keto": 4,
        "Low Salt": 2
      }
    }
  },
  "totalHits": 1000,
  "page": 16,
  "totalPages": 20,
  "hitsPerPage": 50
}
