{
  "tobaccoProducts": false,
  "products": [
    {
      "productId": "5035702-EA-000",
      "brand": "Alpro",
      "name": "Barista For Professionals Coconut Milk",
      "displayName": "1l",
      "availability": [
        "IN_STORE",
        "ONLINE"
      ],
      "saleType": "UNITS",
      "restrictedFlag": false,
      "liquorFlag": false,
      "tobaccoFlag": false,
      "originRegulated": false,
      "singlePrice": {
        "price": 529,
        "comparativePrice": {
          "pricePerUnit": 529,
          "unitQuantity": 1,
          "unitQuantityUom": "L",
          "measureDescription": "1L"
        }
      },
      "categoryTrees": [
        {
          "level0": "Drinks",
          "level1": "Cold Drinks",
          "level2": "Non Dairy Milks"
        },
        {
          "level0": "Fresh Foods & Bakery",
          "level1": "Dairy & Eggs",
          "level2": "Dairy & Lactose Free"
        },
        {
          "level0": "Chilled, Frozen & Desserts",
          "level1": "Dairy & Eggs",
          "level2": "Dairy & Lactose Free"
        }
      ],
      "cateredFlag": false
    },
    {
      "productId": "5277929-EA-000",
      "brand": "Rangitikei",
      "name": "Free Range Buttermilk Tenderloins",
      "displayName": "400g",
      "availability": [
        "IN_STORE",
        "ONLINE"
      ],
      "saleType": "UNITS",
      "restrictedFlag": false,
      "liquorFlag": false,
      "tobaccoFlag": false,
      "originRegulated": false,
      "singlePrice": {
        "price": 1299,
        "comparativePrice": {
          "pricePerUnit": 3248,
          "unitQuantity": 1,
          "unitQuantityUom": "kg",
          "measureDescription": "1kg"
        }
      },
      "facets": [
        {
          "itemCode": "00020006",
          "itemDescription": "Cage Free"
        },
        {
          "itemCode": "00020003",
          "itemDescription": "Free Range"
        }
      ],
      "categoryTrees": [
        {
          "level0": "Chilled, Frozen & Desserts",
          "level1": "Frozen Foods",
          "level2": "Frozen Chicken & Poultry"
        }
      ],
      "cateredFlag": false
    },
    {
      "productId": "5029772-EA-000",
      "brand": "Anchor",
      "name": "Uno Smooth Mixed Berry Yoghurt",
      "displayName": "12 x 100g",
      "availability": [
        "IN_STORE",
        "ONLINE"
      ],
      "saleType": "UNITS",
      "restrictedFlag": false,
      "liquorFlag": false,
      "tobaccoFlag": false,
      "originRegulated": false,
      "singlePrice": {
        "price": 799,
        "promoId": "128943821",
        "comparativePrice": {
          "pricePerUnit": 67,
          "unitQuantity": 100,
          "unitQuantityUom": "g",
          "measureDescription": "100g"
        }
      },
      "promotions": [
        {
          "promoId": "128943821",
          "rewardValue": 799,
          "decal": "6000",
          "sapType": "BASE",
          "rewardType": "NEW_PRICE",
          "threshold": 1,
          "limit": 0,
          "multiProducts": false,
          "cardDependencyFlag": false,
          "bestPromotion": true,
          "comparativePrice": {
            "pricePerUnit": 67,
            "unitQuantity": 100,
            "unitQuantityUom": "g",
            "measureDescription": "100g"
          }
        }
      ],
      "facets": [
        {
          "itemCode": "00020012",
          "itemDescription": "Non-GMO"
        }
      ],
      "categoryTrees": [
        {
          "level0": "Fresh Foods & Bakery",
          "level1": "Dairy & Eggs",
          "level2": "Yoghurt & Dairy Food"
        },
        {
          "level0": "Chilled, Frozen & Desserts",
          "level1": "Dairy & Eggs",
          "level2": "Yoghurt & Dairy Food"
        }
      ],
      "cateredFlag": false
    },
    {
      "productId": "5012905-EA-000",
      "brand": "Mainland",
      "name": "Mild & Creamy Edam Grated Cheese",
      "displayName": "400g",
      "availability": [
        "IN_STORE",
        "ONLINE"
      ],
      "saleType": "UNITS",
      "restrictedFlag": false,
      "liquorFlag": false,
      "tobaccoFlag": false,
      "originRegulated": false,
      "singlePrice": {
        "price": 829,
        "comparativePrice": {
          "pricePerUnit": 207,
          "unitQuantity": 100,
          "unitQuantityUom": "g",
          "measureDescription": "100g"
        }
      },
      "facets": [
        {
          "itemCode": "00020014",
          "itemDescription": "Vegetarian"
        },
        {
          "itemCode": "00020012",
          "itemDescription": "Non-GMO"
        }
      ],
      "categoryTrees": [
        {
          "level0": "Chilled, Frozen & Desserts",
          "level1": "Cheese",
          "level2": "Grated Cheese"
        }
      ],
      "cateredFlag": false
    },
    {
      "productId": "5007409-EA-000",
      "brand": "Leader",
      "name": "Cordon Bleu Chicken Toppas",
      "displayName": "798g",
      "availability": [
        "IN_STORE",
        "ONLINE"
      ],
      "saleType": "UNITS",
      "restrictedFlag": false,
      "liquorFlag": false,
      "tobaccoFlag": false,
      "originRegulated": false,
      "singlePrice": {
        "price": 1299,
        "promoId": "128947716",
        "comparativePrice": {
          "pricePerUnit": 1628,
          "unitQuantity": 1,
          "unitQuantityUom": "kg",
          "measureDescription": "1kg"
        }
      },
      "promotions": [
        {
          "promoId": "128947716",
          "rewardValue": 1299,
          "decal": "6000",
          "sapType": "BASE",
          "rewardType": "NEW_PRICE",
          "threshold": 1,
          "limit": 0,
          "multiProducts": false,
          "cardDependencyFlag": false,
          "bestPromotion": true,
          "comparativePrice": {
            "pricePerUnit": 1628,
            "unitQuantity": 1,
            "unitQuantityUom": "kg",
            "measureDescription": "1kg"
          }
        }
      ],
      "categoryTrees": [
        {
          "level0": "Chilled, Frozen & Desserts",
          "level1": "Frozen Foods",
          "level2": "Frozen Chicken & Poultry"
        }
      ],
      "cateredFlag": false
    },
    {
      "productId": "5027113-EA-000",
      "brand": "Meadow Fresh",
      "name": "Chives & Garlic Cottage Cheese",
      "displayName": "250g",
      "availability": [
        "IN_STORE",
        "ONLINE"
      ],
      "saleType": "UNITS",
      "restrictedFlag": false,
      "liquorFlag": false,
      "tobaccoFlag": false,
      "originRegulated": false,
      "singlePrice": {
        "price": 369,
        "promoId": "128936667",
        "comparativePrice": {
          "pricePerUnit": 148,
          "unitQuantity": 100,
          "unitQuantityUom": "g",
          "measureDescription": "100g"
        }
      },
      "promotions": [
        {
          "promoId": "128936667",
          "rewardValue": 369,
          "decal": "7000",
          "sapType": "BASE",
          "rewardType": "NEW_PRICE",
          "threshold": 1,
          "limit": 0,
          "multiProducts": false,
          "cardDependencyFlag": false,
          "bestPromotion": true,
          "comparativePrice": {
            "pricePerUnit": 148,
            "unitQuantity": 100,
            "unitQuantityUom": "g",
            "measureDescription": "100g"
          }
        }
      ],
      "facets": [
        {
          "itemCode": "00020004",
          "itemDescription": "Gluten Free"
        },
        {
          "itemCode": "00020012",
          "itemDescription": "Non-GMO"
        },
        {
          "itemCode": "00020014",
          "itemDescription": "Vegetarian"
        }
      ],
      "categoryTrees": [
        {
          "level0": "Chilled, Frozen & Desserts",
          "level1": "Cheese",
          "level2": "Cottage Cheese"
        }
      ],
      "cateredFlag": false
    },
    {
      "productId": "5014110-EA-000",
      "brand": "Ingham's",
      "name": "Crumbed Chicken Chipees",
      "displayName": "1kg",
      "availability": [
        "IN_STORE",
        "ONLINE"
      ],
      "saleType": "UNITS",
      "restrictedFlag": false,
      "liquorFlag": false,
      "tobaccoFlag": false,
      "originRegulated": true,
      "originStatement": "Product of New Zealand",
      "singlePrice": {
        "price": 1449,
        "comparativePrice": {
          "pricePerUnit": 1449,
          "unitQuantity": 1,
          "unitQuantityUom": "kg",
          "measureDescription": "1kg"
        }
      },
      "categoryTrees": [
        {
          "level0": "Chilled, Frozen & Desserts",
          "level1": "Frozen Foods",
          "level2": "Frozen Chicken & Poultry"
        }
      ],
      "cateredFlag": false
    },
    {
      "productId": "5010269-EA-000",
      "brand": "Sanitarium So Good",
      "name": "Regular Soy Milk",
      "displayName": "1l",
      "availability": [
        "IN_STORE",
        "ONLINE"
      ],
      "saleType": "UNITS",
      "restrictedFlag": false,
      "liquorFlag": false,
      "tobaccoFlag": false,
      "originRegulated": false,
      "singlePrice": {
        "price": 349,
        "comparativePrice": {
          "pricePerUnit": 349,
          "unitQuantity": 1,
          "unitQuantityUom": "L",
          "measureDescription": "1L"
        }
      },
      "facets": [
        {
          "itemCode": "00020004",
          "itemDescription": "Gluten Free"
        },
        {
          "itemCode": "00020007",
          "itemDescription": "Dairy Free"
        },
        {
          "itemCode": "00020012",
          "itemDescription": "Non-GMO"
        }
      ],
      "categoryTrees": [
        {
          "level0": "Fresh Foods & Bakery",
          "level1": "Dairy & Eggs",
          "level2": "Dairy & Lactose Free"
        },
        {
          "level0": "Chilled, Frozen & Desserts",
          "level1": "Dairy & Eggs",
          "level2": "Dairy & Lactose Free"
        },
        {
          "level0": "Drinks",
          "level1": "Cold Drinks",
          "level2": "Non Dairy Milks"
        }
      ],
      "cateredFlag": false
    },
    {
      "productId": "5004423-EA-000",
      "brand": "Mainland",
      "name": "Special Reserve Creamy Brie Cheese",
      "displayName": "125g",
      "availability": [
        "IN_STORE",
        "ONLINE"
      ],
      "saleType": "UNITS",
      "restrictedFlag": false,
      "liquorFlag": false,
      "tobaccoFlag": false,
      "originRegulated": false,
      "singlePrice": {
        "price": 429,
        "promoId": "129018658",
        "comparativePrice": {
          "pricePerUnit": 343,
          "unitQuantity": 100,
          "unitQuantityUom": "g",
          "measureDescription": "100g"
        }
      },
      "promotions": [
        {
          "promoId": "129018658",
          "rewardValue": 429,
          "decal": "6000",
          "sapType": "BASE",
          "rewardType": "NEW_PRICE",
          "threshold": 1,
          "limit": 0,
          "multiProducts": false,
          "cardDependencyFlag": false,
          "bestPromotion": true,
          "comparativePrice": {
            "pricePerUnit": 343,
            "unitQuantity": 100,
            "unitQuantityUom": "g",
            "measureDescription": "100g"
          }
        }
      ],
      "facets": [
        {
          "itemCode": "00020012",
          "itemDescription": "Non-GMO"
        }
      ],
      "categoryTrees": [
        {
          "level0": "Chilled, Frozen & Desserts",
          "level1": "Cheese",
          "level2": "Specialty Cheeses"
        }
      ],
      "cateredFlag": false
    },
    {
      "productId": "5003866-EA-000",
      "brand": "Pams",
      "name": "Canola Table Spread",
      "displayName": "1kg",
      "availability": [
        "IN_STORE",
        "ONLINE"
      ],
      "saleType": "UNITS",
      "restrictedFlag": false,
      "liquorFlag": false,
      "tobaccoFlag": false,
      "originRegulated": false,
      "singlePrice": {
        "price": 489,
        "comparativePrice": {
          "pricePerUnit": 49,
          "unitQuantity": 100,
          "unitQuantityUom": "g",
          "measureDescription": "100g"
        }
      },
      "facets": [
        {
          "itemCode": "00020007",
          "itemDescription": "Dairy Free"
        }
      ],
      "categoryTrees": [
        {
          "level0": "Fresh Foods & Bakery",
          "level1": "Dairy & Eggs",
          "level2": "Butter & Spreads"
        },
        {
          "level0": "Chilled, Frozen & Desserts",
          "level1": "Dairy & Eggs",
          "level2": "Butter & Spreads"
        }
      ],
      "cateredFlag": false
    },
    {
      "productId": "5020124-EA-000",
      "brand": "Yoplait",
      "name": "Real Fruit Strawberry Yoghurt",
      "displayName": "1kg",
      "availability": [
        "IN_STORE",
        "ONLINE"
      ],
      "saleType": "UNITS",
      "restrictedFlag": false,
      "liquorFlag": false,
      "tobaccoFlag": false,
      "originRegulated": false,
      "singlePrice": {
        "price": 469,
        "promoId": "128947713",
        "comparativePrice": {
          "pricePerUnit": 47,
          "unitQuantity": 100,
          "unitQuantityUom": "g",
          "measureDescription": "100g"
        }
      },
      "promotions": [
        {
          "promoId": "128947713",
          "rewardValue": 469,
          "decal": "6000",
          "sapType": "BASE",
          "rewardType": "NEW_PRICE",
          "threshold": 1,
          "limit": 0,
          "multiProducts": false,
          "cardDependencyFlag": false,
          "bestPromotion": true,
          "comparativePrice": {
            "pricePerUnit": 47,
            "unitQuantity": 100,
            "unitQuantityUom": "g",
            "measureDescription": "100g"
          }
        }
      ],
      "facets": [
        {
          "itemCode": "00020004",
          "itemDescription": "Gluten Free"
        },
        {
          "itemCode": "00020012",
          "itemDescription": "Non-GMO"
        },
        {
          "itemCode": "00020009",
          "itemDescription": "Low Fat"
        }
      ],
      "categoryTrees": [
        {
          "level0": "Fresh Foods & Bakery",
          "level1": "Dairy & Eggs",
          "level2": "Yoghurt & Dairy Food"
        },
        {
          "level0": "Chilled, Frozen & Desserts",
          "level1": "Dairy & Eggs",
          "level2": "Yoghurt & Dairy Food"
        }
      ],
      "cateredFlag": false
    },
    {
      "productId": "5007356-EA-000",
      "brand": "Pams",
      "name": "Edam Cheese",
      "displayName": "500g",
      "availability": [
        "IN_STORE",
        "ONLINE"
      ],
      "saleType": "UNITS",
      "restrictedFlag": false,
      "liquorFlag": false,
      "tobaccoFlag": false,
      "originRegulated": false,
      "singlePrice": {
        "price": 679,
        "promoId": "128944219",
        "comparativePrice": {
          "pricePerUnit": 136,
          "unitQuantity": 100,
          "unitQuantityUom": "g",
          "measureDescription": "100g"
        }
      },
      "promotions": [
        {
          "promoId": "128944219",
          "rewardValue": 679,
          "decal": "6000",
          "sapType": "BASE",
          "rewardType": "NEW_PRICE",
          "threshold": 1,
          "limit": 0,
          "multiProducts": false,
          "cardDependencyFlag": false,
          "bestPromotion": true,
          "comparativePrice": {
            "pricePerUnit": 136,
            "unitQuantity": 100,
            "unitQuantityUom": "g",
            "measureDescription": "100g"
          }
        }
      ],
      "facets": [
        {
          "itemCode": "00020014",
          "itemDescription": "Vegetarian"
        },
        {
          "itemCode": "00020012",
          "itemDescription": "Non-GMO"
        }
      ],
      "categoryTrees": [
        {
          "level0": "Chilled, Frozen & Desserts",
          "level1": "Cheese",
          "level2": "Cheese Blocks"
        },
        {
          "level0": "Featured",
          "level1": "Pams",
          "level2": "Cheese"
        }
      ],
      "cateredFlag": false
    },
    {
      "productId": "5017417-EA-000",
      "brand": "Flora",
      "name": "ProActiv Buttery Spread",
      "displayName": "500g",
      "availability": [
        "IN_STORE",
        "ONLINE"
      ],
      "saleType": "UNITS",
      "restrictedFlag": false,
      "liquorFlag": false,
      "tobaccoFlag": false,
      "originRegulated": false,
      "singlePrice": {
        "price": 879,
        "comparativePrice": {
          "pricePerUnit": 176,
          "unitQuantity": 100,
          "unitQuantityUom": "g",
          "measureDescription": "100g"
        }
      },
      "categoryTrees": [
        {
          "level0": "Fresh Foods & Bakery",
          "level1": "Dairy & Eggs",
          "level2": "Butter & Spreads"
        },
        {
          "level0": "Chilled, Frozen & Desserts",
          "level1": "Dairy & Eggs",
          "level2": "Butter & Spreads"
        }
      ],
      "cateredFlag": false
    },
    {
      "productId": "5013740-EA-000",
      "brand": "Mainland",
      "name": "Smooth & Creamy Colby Cheese",
      "displayName": "250g",
      "availability": [
        "IN_STORE",
        "ONLINE"
      ],
      "saleType": "UNITS",
      "restrictedFlag": false,
      "liquorFlag": false,
      "tobaccoFlag": false,
      "originRegulated": false,
      "singlePrice": {
        "price": 619,
        "comparativePrice": {
          "pricePerUnit": 248,
          "unitQuantity": 100,
          "unitQuantityUom": "g",
          "measureDescription": "100g"
        }
      },
      "facets": [
        {
          "itemCode": "00020012",
          "itemDescription": "Non-GMO"
        }
      ],
      "categoryTrees": [
        {
          "level0": "Chilled, Frozen & Desserts",
          "level1": "Cheese",
          "level2": "Cheese Blocks"
        }
      ],
      "cateredFlag": false
    },
    {
      "productId": "5011721-EA-000",
      "brand": "McCain",
      "name": "Winter Vegetables",
      "displayName": "1kg",
      "availability": [
        "IN_STORE",
        "ONLINE"
      ],
      "saleType": "UNITS",
      "restrictedFlag": false,
      "liquorFlag": false,
      "tobaccoFlag": false,
      "originRegulated": false,
      "singlePrice": {
        "price": 579,
        "comparativePrice": {
          "pricePerUnit": 579,
          "unitQuantity": 1,
          "unitQuantityUom": "kg",
          "measureDescription": "1kg"
        }
      },
      "facets": [
        {
          "itemCode": "00020012",
          "itemDescription": "Non-GMO"
        }
      ],
      "categoryTrees": [
        {
          "level0": "Chilled, Frozen & Desserts",
          "level1": "Frozen Foods",
          "level2": "Frozen Vegetables"
        }
      ],
      "cateredFlag": false
    },
    {
      "productId": "5003259-EA-000",
      "brand": "Mainland",
      "name": "Tasty Aged Cheddar Cheese",
      "displayName": "250g",
      "availability": [
        "IN_STORE",
        "ONLINE"
      ],
      "saleType": "UNITS",
      "restrictedFlag": false,
      "liquorFlag": false,
      "tobaccoFlag": false,
      "originRegulated": false,
      "singlePrice": {
        "price": 849,
        "comparativePrice": {
          "pricePerUnit": 340,
          "unitQuantity": 100,
          "unitQuantityUom": "g",
          "measureDescription": "100g"
        }
      },
      "facets": [
        {
          "itemCode": "00020012",
          "itemDescription": "Non-GMO"
        }
      ],
      "categoryTrees": [
        {
          "level0": "Chilled, Frozen & Desserts",
          "level1": "Cheese",
          "level2": "Cheese Blocks"
        }
      ],
      "cateredFlag": false
    },
    {
      "productId": "5008348-EA-000",
      "brand": "Perfect Italiano",
      "name": "Parmesan Cheese",
      "displayName": "250g",
      "availability": [
        "IN_STORE",
        "ONLINE"
      ],
      "saleType": "UNITS",
      "restrictedFlag": false,
      "liquorFlag": false,
      "tobaccoFlag": false,
      "originRegulated": false,
      "singlePrice": {
        "price": 989,
        "comparativePrice": {
          "pricePerUnit": 396,
          "unitQuantity": 100,
          "unitQuantityUom": "g",
          "measureDescription": "100g"
        }
      },
      "facets": [
        {
          "itemCode": "00020012",
          "itemDescription": "Non-GMO"
        },
        {
          "itemCode": "00020002",
          "itemDescription": "Halal"
        }
      ],
      "categoryTrees": [
        {
          "level0": "Chilled, Frozen & Desserts",
          "level1": "Cheese",
          "level2": "Specialty Cheeses"
        }
      ],
      "cateredFlag": false
    },
    {
      "productId": "5252960-EA-000",
      "brand": "Tatua",
      "name": "Cooking Cream",
      "displayName": "500ml",
      "availability": [
        "IN_STORE",
        "ONLINE"
      ],
      "saleType": "UNITS",
      "restrictedFlag": false,
      "liquorFlag": false,
      "tobaccoFlag": false,
      "originRegulated": false,
      "singlePrice": {
        "price": 389,
        "comparativePrice": {
          "pricePerUnit": 778,
          "unitQuantity": 1,
          "unitQuantityUom": "L",
          "measureDescription": "1L"
        }
      },
      "facets": [
        {
          "itemCode": "00020009",
          "itemDescription": "Low Fat"
        },
        {
          "itemCode": "00020004",
          "itemDescription": "Gluten Free"
        }
      ],
      "categoryTrees": [
        {
          "level0": "Fresh Foods & Bakery",
          "level1": "Dairy & Eggs",
          "level2": "Fresh Cream"
        },
        {
          "level0": "Chilled, Frozen & Desserts",
          "level1": "Dairy & Eggs",
          "level2": "Fresh Cream"
        }
      ],
      "cateredFlag": false
    },
    {
      "productId": "5007358-EA-000",
      "brand": "Pams",
      "name": "Tasty Cheddar Cheese",
      "displayName": "500g",
      "availability": [
        "IN_STORE",
        "ONLINE"
      ],
      "saleType": "UNITS",
      "restrictedFlag": false,
      "liquorFlag": false,
      "tobaccoFlag": false,
      "originRegulated": false,
      "singlePrice": {
        "price": 939,
        "comparativePrice": {
          "pricePerUnit": 188,
          "unitQuantity": 100,
          "unitQuantityUom": "g",
          "measureDescription": "100g"
        }
      },
      "facets": [
        {
          "itemCode": "00020012",
          "itemDescription": "Non-GMO"
        },
        {
          "itemCode": "00020014",
          "itemDescription": "Vegetarian"
        }
      ],
      "categoryTrees": [
        {
          "level0": "Chilled, Frozen & Desserts",
          "level1": "Cheese",
          "level2": "Cheese Blocks"
        },
        {
          "level0": "Featured",
          "level1": "Pams",
          "level2": "Cheese"
        }
      ],
      "cateredFlag": false
    },
    {
      "productId": "5005980-EA-000",
      "brand": "Pams",
      "name": "Peaches In Mango Flavoured  Jelly Cups",
      "displayName": "4 x 125g",
      "availability": [
        "IN_STORE",
        "ONLINE"
      ],
      "saleType": "UNITS",
      "restrictedFlag": false,
      "liquorFlag": false,
      "tobaccoFlag": false,
      "originRegulated": false,
      "singlePrice": {
        "price": 269,
        "comparativePrice": {
          "pricePerUnit": 538,
          "unitQuantity": 1,
          "unitQuantityUom": "kg",
          "measureDescription": "1kg"
        }
      },
      "facets": [
        {
          "itemCode": "00020007",
          "itemDescription": "Dairy Free"
        },
        {
          "itemCode": "00020012",
          "itemDescription": "Non-GMO"
        }
      ],
      "categoryTrees": [
        {
          "level0": "Chilled, Frozen & Desserts",
          "level1": "Desserts",
          "level2": "Jelly & Powdered Desserts"
        },
        {
          "level0": "Featured",
          "level1": "Pams",
          "level2": "Desserts"
        }
      ],
      "cateredFlag": false
    },
    {
      "productId": "5002666-EA-000",
      "brand": "Mainland",
      "name": "Semi-Soft Butter",
      "displayName": "500g",
      "availability": [
        "IN_STORE",
        "ONLINE"
      ],
      "saleType": "UNITS",
      "restrictedFlag": false,
      "liquorFlag": false,
      "tobaccoFlag": false,
      "originRegulated": false,
      "singlePrice": {
        "price": 1239,
        "comparativePrice": {
          "pricePerUnit": 248,
          "unitQuantity": 100,
          "unitQuantityUom": "g",
          "measureDescription": "100g"
        }
      },
      "facets": [
        {
          "itemCode": "00020012",
          "itemDescription": "Non-GMO"
        }
      ],
      "categoryTrees": [
        {
          "level0": "Fresh Foods & Bakery",
          "level1": "Dairy & Eggs",
          "level2": "Butter & Spreads"
        },
        {
          "level0": "Chilled, Frozen & Desserts",
          "level1": "Dairy & Eggs",
          "level2": "Butter & Spreads"
        }
      ],
      "cateredFlag": false
    },
    {
      "productId": "5004502-EA-000",
      "brand": "Ingham's",
      "name": "Bagged Chicken Small",
      "displayName": "ea",
      "availability": [
        "IN_STORE",
        "ONLINE"
      ],
      "saleType": "UNITS",
      "restrictedFlag": false,
      "liquorFlag": false,
      "tobaccoFlag": false,
      "originRegulated": true,
      "originStatement": "Product of New Zealand",
      "singlePrice": {
        "price": 699,
        "comparativePrice": {
          "pricePerUnit": 822,
          "unitQuantity": 1,
          "unitQuantityUom": "kg",
          "measureDescription": "1kg"
        }
      },
      "facets": [
        {
          "itemCode": "00020007",
          "itemDescription": "Dairy Free"
        }
      ],
      "categoryTrees": [
        {
          "level0": "Chilled, Frozen & Desserts",
          "level1": "Frozen Foods",
          "level2": "Frozen Chicken & Poultry"
        }
      ],
      "cateredFlag": false
    },
    {
      "productId": "5014956-EA-000",
      "brand": "Vitasoy",
      "name": "Regular Soy Milky",
      "displayName": "1l",
      "availability": [
        "IN_STORE",
        "ONLINE"
      ],
      "saleType": "UNITS",
      "restrictedFlag": false,
      "liquorFlag": false,
      "tobaccoFlag": false,
      "originRegulated": false,
      "singlePrice": {
        "price": 379,
        "comparativePrice": {
          "pricePerUnit": 379,
          "unitQuantity": 1,
          "unitQuantityUom": "L",
          "measureDescription": "1L"
        }
      },
      "facets": [
        {
          "itemCode": "00020013",
          "itemDescription": "Vegan"
        },
        {
          "itemCode": "00020014",
          "itemDescription": "Vegetarian"
        },
        {
          "itemCode": "00020012",
          "itemDescription": "Non-GMO"
        }
      ],
      "categoryTrees": [
        {
          "level0": "Fresh Foods & Bakery",
          "level1": "Dairy & Eggs",
          "level2": "Dairy & Lactose Free"
        },
        {
          "level0": "Chilled, Frozen & Desserts",
          "level1": "Dairy & Eggs",
          "level2": "Dairy & Lactose Free"
        },
        {
          "level0": "Drinks",
          "level1": "Cold Drinks",
          "level2": "Non Dairy Milks"
        }
      ],
      "cateredFlag": false
    },
    {
      "productId": "5031617-EA-000",
      "brand": "Much Moore",
      "name": "Marvels Groovy Gumdrop Frozen Dessert",
      "displayName": "2l",
      "availability": [
        "IN_STORE",
        "ONLINE"
      ],
      "saleType": "UNITS",
      "restrictedFlag": false,
      "liquorFlag": false,
      "tobaccoFlag": false,
      "originRegulated": false,
      "singlePrice": {
        "price": 539,
        "comparativePrice": {
          "pricePerUnit": 27,
          "unitQuantity": 100,
          "unitQuantityUom": "ml",
          "measureDescription": "100ml"
        }
      },
      "facets": [
        {
          "itemCode": "00020012",
          "itemDescription": "Non-GMO"
        }
      ],
      "categoryTrees": [
        {
          "level0": "Chilled, Frozen & Desserts",
          "level1": "Desserts",
          "level2": "Ice Cream & Frozen Yoghurt"
        }
      ],
      "cateredFlag": false
    },
    {
      "productId": "5013508-EA-000",
      "brand": "Mainland",
      "name": "Buttersoft Salted Reduced Spreadable Butter",
      "displayName": "375g",
      "availability": [
        "IN_STORE",
        "ONLINE"
      ],
      "saleType": "UNITS",
      "restrictedFlag": false,
      "liquorFlag": false,
      "tobaccoFlag": false,
      "originRegulated": false,
      "singlePrice": {
        "price": 869,
        "comparativePrice": {
          "pricePerUnit": 232,
          "unitQuantity": 100,
          "unitQuantityUom": "g",
          "measureDescription": "100g"
        }
      },
      "facets": [
        {
          "itemCode": "00020012",
          "itemDescription": "Non-GMO"
        }
      ],
      "categoryTrees": [
        {
          "level0": "Fresh Foods & Bakery",
          "level1": "Dairy & Eggs",
          "level2": "Butter & Spreads"
        },
        {
          "level0": "Chilled, Frozen & Desserts",
          "level1": "Dairy & Eggs",
          "level2": "Butter & Spreads"
        }
      ],
      "cateredFlag": false
    },
    {
      "productId": "5027208-EA-000",
      "brand": "Anchor",
      "name": "Protein+ Lite Milk",
      "displayName": "2l",
      "availability": [
        "IN_STORE",
        "ONLINE"
      ],
      "saleType": "UNITS",
      "restrictedFlag": false,
      "liquorFlag": false,
      "tobaccoFlag": false,
      "originRegulated": false,
      "singlePrice": {
        "price": 614,
        "comparativePrice": {
          "pricePerUnit": 307,
          "unitQuantity": 1,
          "unitQuantityUom": "L",
          "measureDescription": "1L"
        }
      },
      "facets": [
        {
          "itemCode": "00020009",
          "itemDescription": "Low Fat"
        },
        {
          "itemCode": "00020012",
          "itemDescription": "Non-GMO"
        }
      ],
      "categoryTrees": [
        {
          "level0": "Fresh Foods & Bakery",
          "level1": "Dairy & Eggs",
          "level2": "Fresh Milk"
        },
        {
          "level0": "Chilled, Frozen & Desserts",
          "level1": "Dairy & Eggs",
          "level2": "Fresh Milk"
        }
      ],
      "cateredFlag": false
    },
    {
      "productId": "5025920-EA-000",
      "brand": "Patties",
      "name": "Classic Beef Party Pies",
      "displayName": "560g",
      "availability": [
        "IN_STORE",
        "ONLINE"
      ],
      "saleType": "UNITS",
      "restrictedFlag": false,
      "liquorFlag": false,
      "tobaccoFlag": false,
      "originRegulated": false,
      "singlePrice": {
        "price": 699,
        "comparativePrice": {
          "pricePerUnit": 125,
          "unitQuantity": 100,
          "unitQuantityUom": "g",
          "measureDescription": "100g"
        }
      },
      "promotions": [
        {
          "promoId": "128958298",
          "rewardValue": 599,
          "decal": "6000",
          "sapType": "BASE",
          "rewardType": "NEW_PRICE",
          "threshold": 1,
          "limit": 6,
          "multiProducts": true,
          "description": "Limit 6 assorted",
          "cardDependencyFlag": false,
          "bestPromotion": true,
          "comparativePrice": {
            "pricePerUnit": 107,
            "unitQuantity": 100,
            "unitQuantityUom": "g",
            "measureDescription": "100g"
          }
        }
      ],
      "categoryTrees": [
        {
          "level0": "Chilled, Frozen & Desserts",
          "level1": "Frozen Foods",
          "level2": "Frozen Pies"
        }
      ],
      "cateredFlag": false
    },
    {
      "productId": "5227982-EA-000",
      "brand": "Primo",
      "name": "Chocolate Supremo Flavoured Milk",
      "displayName": "1.5l",
      "availability": [
        "IN_STORE",
        "ONLINE"
      ],
      "saleType": "UNITS",
      "restrictedFlag": false,
      "liquorFlag": false,
      "tobaccoFlag": false,
      "originRegulated": false,
      "singlePrice": {
        "price": 549,
        "comparativePrice": {
          "pricePerUnit": 366,
          "unitQuantity": 1,
          "unitQuantityUom": "L",
          "measureDescription": "1L"
        }
      },
      "facets": [
        {
          "itemCode": "00020012",
          "itemDescription": "Non-GMO"
        }
      ],
      "categoryTrees": [
        {
          "level0": "Fresh Foods & Bakery",
          "level1": "Dairy & Eggs",
          "level2": "Flavoured Milk"
        },
        {
          "level0": "Chilled, Frozen & Desserts",
          "level1": "Dairy & Eggs",
          "level2": "Flavoured Milk"
        }
      ],
      "cateredFlag": false
    },
    {
      "productId": "5045266-EA-000",
      "brand": "Lewis Road Creamery",
      "name": "Chocolate Milk",
      "displayName": "750ml",
      "availability": [
        "IN_STORE",
        "ONLINE"
      ],
      "saleType": "UNITS",
      "restrictedFlag": false,
      "liquorFlag": false,
      "tobaccoFlag": false,
      "originRegulated": false,
      "singlePrice": {
        "price": 599,
        "promoId": "129016510",
        "comparativePrice": {
          "pricePerUnit": 799,
          "unitQuantity": 1,
          "unitQuantityUom": "L",
          "measureDescription": "1L"
        }
      },
      "promotions": [
        {
          "promoId": "129016510",
          "rewardValue": 599,
          "decal": "6000",
          "sapType": "BASE",
          "rewardType": "NEW_PRICE",
          "threshold": 1,
          "limit": 0,
          "multiProducts": false,
          "cardDependencyFlag": false,
          "bestPromotion": true,
          "comparativePrice": {
            "pricePerUnit": 799,
            "unitQuantity": 1,
            "unitQuantityUom": "L",
            "measureDescription": "1L"
          }
        }
      ],
      "categoryTrees": [
        {
          "level0": "Fresh Foods & Bakery",
          "level1": "Dairy & Eggs",
          "level2": "Flavoured Milk"
        },
        {
          "level0": "Chilled, Frozen & Desserts",
          "level1": "Dairy & Eggs",
          "level2": "Flavoured Milk"
        }
      ],
      "cateredFlag": false
    },
    {
      "productId": "5001091-EA-000",
      "brand": "Shore Mariner",
      "name": "Frozen Seafood Salad Mix Surimi",
      "displayName": "1kg",
      "availability": [
        "IN_STORE",
        "ONLINE"
      ],
      "saleType": "UNITS",
      "restrictedFlag": false,
      "liquorFlag": false,
      "tobaccoFlag": false,
      "originRegulated": false,
      "singlePrice": {
        "price": 899,
        "comparativePrice": {
          "pricePerUnit": 899,
          "unitQuantity": 1,
          "unitQuantityUom": "kg",
          "measureDescription": "1kg"
        }
      },
      "categoryTrees": [
        {
          "level0": "Chilled, Frozen & Desserts",
          "level1": "Frozen Foods",
          "level2": "Frozen Seafood"
        }
      ],
      "cateredFlag": false
    },
    {
      "productId": "5017422-EA-000",
      "brand": "Anchor",
      "name": "Original Soft Light Spreadable Dairy Blend",
      "displayName": "500g",
      "availability": [
        "IN_STORE",
        "ONLINE"
      ],
      "saleType": "UNITS",
      "restrictedFlag": false,
      "liquorFlag": false,
      "tobaccoFlag": false,
      "originRegulated": false,
      "singlePrice": {
        "price": 669,
        "promoId": "128943332",
        "comparativePrice": {
          "pricePerUnit": 134,
          "unitQuantity": 100,
          "unitQuantityUom": "g",
          "measureDescription": "100g"
        }
      },
      "promotions": [
        {
          "promoId": "128943332",
          "rewardValue": 669,
          "decal": "6000",
          "sapType": "BASE",
          "rewardType": "NEW_PRICE",
          "threshold": 1,
          "limit": 0,
          "multiProducts": false,
          "cardDependencyFlag": false,
          "bestPromotion": true,
          "comparativePrice": {
            "pricePerUnit": 134,
            "unitQuantity": 100,
            "unitQuantityUom": "g",
            "measureDescription": "100g"
          }
        }
      ],
      "facets": [
        {
          "itemCode": "00020012",
          "itemDescription": "Non-GMO"
        }
      ],
      "categoryTrees": [
        {
          "level0": "Fresh Foods & Bakery",
          "level1": "Dairy & Eggs",
          "level2": "Butter & Spreads"
        },
        {
          "level0": "Chilled, Frozen & Desserts",
          "level1": "Dairy & Eggs",
          "level2": "Butter & Spreads"
        }
      ],
      "cateredFlag": false
    },
    {
      "productId": "5027126-EA-000",
      "brand": "Meadow Fresh",
      "name": "Calci Strong Choc-O-Block Flavoured Milk",
      "displayName": "2l",
      "availability": [
        "IN_STORE",
        "ONLINE"
      ],
      "saleType": "UNITS",
      "restrictedFlag": false,
      "liquorFlag": false,
      "tobaccoFlag": false,
      "originRegulated": false,
      "singlePrice": {
        "price": 649,
        "comparativePrice": {
          "pricePerUnit": 325,
          "unitQuantity": 1,
          "unitQuantityUom": "L",
          "measureDescription": "1L"
        }
      },
      "facets": [
        {
          "itemCode": "00020012",
          "itemDescription": "Non-GMO"
        }
      ],
      "categoryTrees": [
        {
          "level0": "Fresh Foods & Bakery",
          "level1": "Dairy & Eggs",
          "level2": "Flavoured Milk"
        },
        {
          "level0": "Chilled, Frozen & Desserts",
          "level1": "Dairy & Eggs",
          "level2": "Flavoured Milk"
        }
      ],
      "cateredFlag": false
    },
    {
      "productId": "5027338-EA-000",
      "brand": "Hutchinsons",
      "name": "Apricot & Almond Cream Cheese",
      "displayName": "125g",
      "availability": [
        "IN_STORE",
        "ONLINE"
      ],
      "saleType": "UNITS",
      "restrictedFlag": false,
      "liquorFlag": false,
      "tobaccoFlag": false,
      "originRegulated": false,
      "singlePrice": {
        "price": 599,
        "comparativePrice": {
          "pricePerUnit": 479,
          "unitQuantity": 100,
          "unitQuantityUom": "g",
          "measureDescription": "100g"
        }
      },
      "categoryTrees": [
        {
          "level0": "Chilled, Frozen & Desserts",
          "level1": "Cheese",
          "level2": "Deli Specialty Cheeses"
        }
      ],
      "cateredFlag": false
    },
    {
      "productId": "5026152-EA-000",
      "brand": "McCain",
      "name": "Peas",
      "displayName": "1kg",
      "availability": [
        "IN_STORE",
        "ONLINE"
      ],
      "saleType": "UNITS",
      "restrictedFlag": false,
      "liquorFlag": false,
      "tobaccoFlag": false,
      "originRegulated": true,
      "originStatement": "Product of New Zealand",
      "marketingInitiatives": [
        {
          "themeCode": "0000",
          "initiativeCode": "AOV"
        },
        {
          "initiativeCode": "AOV"
        }
      ],
      "singlePrice": {
        "price": 349,
        "promoId": "128958319",
        "comparativePrice": {
          "pricePerUnit": 349,
          "unitQuantity": 1,
          "unitQuantityUom": "kg",
          "measureDescription": "1kg"
        }
      },
      "promotions": [
        {
          "promoId": "128958319",
          "rewardValue": 349,
          "decal": "6000",
          "sapType": "BASE",
          "rewardType": "NEW_PRICE",
          "threshold": 1,
          "limit": 0,
          "multiProducts": false,
          "cardDependencyFlag": false,
          "bestPromotion": true,
          "comparativePrice": {
            "pricePerUnit": 349,
            "unitQuantity": 1,
            "unitQuantityUom": "kg",
            "measureDescription": "1kg"
          }
        }
      ],
      "facets": [
        {
          "itemCode": "00020012",
          "itemDescription": "Non-GMO"
        }
      ],
      "categoryTrees": [
        {
          "level0": "Chilled, Frozen & Desserts",
          "level1": "Frozen Foods",
          "level2": "Frozen Vegetables"
        }
      ],
      "cateredFlag": false
    },
    {
      "productId": "5019488-EA-000",
      "brand": "Aunt Betty's",
      "name": "Chocolate Steamed Puddings",
      "displayName": "2 x 95g",
      "availability": [
        "IN_STORE",
        "ONLINE"
      ],
      "saleType": "UNITS",
      "restrictedFlag": false,
      "liquorFlag": false,
      "tobaccoFlag": false,
      "originRegulated": false,
      "singlePrice": {
        "price": 449,
        "comparativePrice": {
          "pricePerUnit": 236,
          "unitQuantity": 100,
          "unitQuantityUom": "g",
          "measureDescription": "100g"
        }
      },
      "facets": [
        {
          "itemCode": "00020014",
          "itemDescription": "Vegetarian"
        },
        {
          "itemCode": "00020012",
          "itemDescription": "Non-GMO"
        }
      ],
      "categoryTrees": [
        {
          "level0": "Chilled, Frozen & Desserts",
          "level1": "Desserts",
          "level2": "Ready To Serve Puddings"
        }
      ],
      "cateredFlag": false
    },
    {
      "productId": "5088963-EA-000",
      "brand": "Yoplait",
      "name": "Vanilla Greek Style Yoghurt",
      "displayName": "1kg",
      "availability": [
        "IN_STORE",
        "ONLINE"
      ],
      "saleType": "UNITS",
      "restrictedFlag": false,
      "liquorFlag": false,
      "tobaccoFlag": false,
      "originRegulated": false,
      "singlePrice": {
        "price": 599,
        "promoId": "128745131",
        "comparativePrice": {
          "pricePerUnit": 60,
          "unitQuantity": 100,
          "unitQuantityUom": "g",
          "measureDescription": "100g"
        }
      },
      "promotions": [
        {
          "promoId": "128745131",
          "rewardValue": 599,
          "decal": "7000",
          "sapType": "BASE",
          "rewardType": "NEW_PRICE",
          "threshold": 1,
          "limit": 0,
          "multiProducts": false,
          "cardDependencyFlag": false,
          "bestPromotion": true,
          "comparativePrice": {
            "pricePerUnit": 60,
            "unitQuantity": 100,
            "unitQuantityUom": "g",
            "measureDescription": "100g"
          }
        }
      ],
      "facets": [
        {
          "itemCode": "00020012",
          "itemDescription": "Non-GMO"
        }
      ],
      "categoryTrees": [
        {
          "level0": "Fresh Foods & Bakery",
          "level1": "Dairy & Eggs",
          "level2": "Yoghurt & Dairy Food"
        },
        {
          "level0": "Chilled, Frozen & Desserts",
          "level1": "Dairy & Eggs",
          "level2": "Yoghurt & Dairy Food"
        }
      ],
      "cateredFlag": false
    },
    {
      "productId": "5021173-EA-000",
      "brand": "Zeagold",
      "name": "Egg White Natural Protein",
      "displayName": "980ml",
      "availability": [
        "IN_STORE",
        "ONLINE"
      ],
      "saleType": "UNITS",
      "restrictedFlag": false,
      "liquorFlag": false,
      "tobaccoFlag": false,
      "originRegulated": false,
      "singlePrice": {
        "price": 1239,
        "comparativePrice": {
          "pricePerUnit": 126,
          "unitQuantity": 100,
          "unitQuantityUom": "ml",
          "measureDescription": "100ml"
        }
      },
      "categoryTrees": [
        {
          "level0": "Fresh Foods & Bakery",
          "level1": "Dairy & Eggs",
          "level2": "Eggs"
        },
        {
          "level0": "Chilled, Frozen & Desserts",
          "level1": "Dairy & Eggs",
          "level2": "Eggs"
        }
      ],
      "cateredFlag": false
    },
    {
      "productId": "5091659-EA-000",
      "brand": "Fisherking",
      "name": "Crunchy Crumb Fish Fillets",
      "displayName": "480g",
      "availability": [
        "IN_STORE",
        "ONLINE"
      ],
      "saleType": "UNITS",
      "restrictedFlag": false,
      "liquorFlag": false,
      "tobaccoFlag": false,
      "originRegulated": true,
      "originStatement": "caught in Alaska",
      "singlePrice": {
        "price": 629,
        "comparativePrice": {
          "pricePerUnit": 1310,
          "unitQuantity": 1,
          "unitQuantityUom": "kg",
          "measureDescription": "1kg"
        }
      },
      "facets": [
        {
          "itemCode": "00020012",
          "itemDescription": "Non-GMO"
        }
      ],
      "categoryTrees": [
        {
          "level0": "Chilled, Frozen & Desserts",
          "level1": "Frozen Foods",
          "level2": "Frozen Fish"
        }
      ],
      "cateredFlag": false
    },
    {
      "productId": "5092258-EA-000",
      "brand": "Kingfisher Seafood",
      "name": "Premium Cooked Prawn Meat",
      "displayName": "500g",
      "availability": [
        "IN_STORE",
        "ONLINE"
      ],
      "saleType": "UNITS",
      "restrictedFlag": false,
      "liquorFlag": false,
      "tobaccoFlag": false,
      "originRegulated": false,
      "singlePrice": {
        "price": 1599,
        "comparativePrice": {
          "pricePerUnit": 3198,
          "unitQuantity": 1,
          "unitQuantityUom": "kg",
          "measureDescription": "1kg"
        }
      },
      "facets": [
        {
          "itemCode": "00020009",
          "itemDescription": "Low Fat"
        }
      ],
      "categoryTrees": [
        {
          "level0": "Chilled, Frozen & Desserts",
          "level1": "Frozen Foods",
          "level2": "Frozen Seafood"
        }
      ],
      "cateredFlag": false
    },
    {
      "productId": "5285265-EA-000",
      "brand": "Anchor",
      "name": "Thickened Cream Twin Pack",
      "displayName": "2 x 125ml",
      "availability": [
        "IN_STORE",
        "ONLINE"
      ],
      "saleType": "UNITS",
      "restrictedFlag": false,
      "liquorFlag": false,
      "tobaccoFlag": false,
      "originRegulated": false,
      "singlePrice": {
        "price": 434,
        "comparativePrice": {
          "pricePerUnit": 1736,
          "unitQuantity": 1,
          "unitQuantityUom": "L",
          "measureDescription": "1L"
        }
      },
      "facets": [
        {
          "itemCode": "00020012",
          "itemDescription": "Non-GMO"
        }
      ],
      "categoryTrees": [
        {
          "level0": "Fresh Foods & Bakery",
          "level1": "Dairy & Eggs",
          "level2": "Fresh Cream"
        },
        {
          "level0": "Chilled, Frozen & Desserts",
          "level1": "Dairy & Eggs",
          "level2": "Fresh Cream"
        }
      ],
      "cateredFlag": false
    },
    {
      "productId": "5223053-EA-000",
      "brand": "Vitasoy",
      "name": "Almond Milky",
      "displayName": "1l",
      "availability": [
        "IN_STORE",
        "ONLINE"
      ],
      "saleType": "UNITS",
      "restrictedFlag": false,
      "liquorFlag": false,
      "tobaccoFlag": false,
      "originRegulated": false,
      "singlePrice": {
        "price": 429,
        "comparativePrice": {
          "pricePerUnit": 429,
          "unitQuantity": 1,
          "unitQuantityUom": "L",
          "measureDescription": "1L"
        }
      },
      "facets": [
        {
          "itemCode": "00020007",
          "itemDescription": "Dairy Free"
        },
        {
          "itemCode": "00020004",
          "itemDescription": "Gluten Free"
        },
        {
          "itemCode": "00020011",
          "itemDescription": "Low Sugar"
        }
      ],
      "categoryTrees": [
        {
          "level0": "Fresh Foods & Bakery",
          "level1": "Dairy & Eggs",
          "level2": "Dairy & Lactose Free"
        },
        {
          "level0": "Chilled, Frozen & Desserts",
          "level1": "Dairy & Eggs",
          "level2": "Dairy & Lactose Free"
        },
        {
          "level0": "Drinks",
          "level1": "Cold Drinks",
          "level2": "Non Dairy Milks"
        }
      ],
      "cateredFlag": false
    },
    {
      "productId": "5031609-EA-000",
      "brand": "Much Moore",
      "name": "Marvels Boysenberry Ripple Frozen Dessert",
      "displayName": "2l",
      "availability": [
        "IN_STORE",
        "ONLINE"
      ],
      "saleType": "UNITS",
      "restrictedFlag": false,
      "liquorFlag": false,
      "tobaccoFlag": false,
      "originRegulated": false,
      "singlePrice": {
        "price": 539,
        "comparativePrice": {
          "pricePerUnit": 27,
          "unitQuantity": 100,
          "unitQuantityUom": "ml",
          "measureDescription": "100ml"
        }
      },
      "facets": [
        {
          "itemCode": "00020012",
          "itemDescription": "Non-GMO"
        }
      ],
      "categoryTrees": [
        {
          "level0": "Chilled, Frozen & Desserts",
          "level1": "Desserts",
          "level2": "Ice Cream & Frozen Yoghurt"
        }
      ],
      "cateredFlag": false
    },
    {
      "productId": "5012067-EA-000",
      "brand": "Wattie's",
      "name": "Cottage Pie",
      "displayName": "270g",
      "availability": [
        "IN_STORE",
        "ONLINE"
      ],
      "saleType": "UNITS",
      "restrictedFlag": false,
      "liquorFlag": false,
      "tobaccoFlag": false,
      "originRegulated": false,
      "singlePrice": {
        "price": 349,
        "promoId": "128958297",
        "comparativePrice": {
          "pricePerUnit": 129,
          "unitQuantity": 100,
          "unitQuantityUom": "g",
          "measureDescription": "100g"
        }
      },
      "promotions": [
        {
          "promoId": "128958297",
          "rewardValue": 349,
          "decal": "6000",
          "sapType": "BASE",
          "rewardType": "NEW_PRICE",
          "threshold": 1,
          "limit": 0,
          "multiProducts": false,
          "cardDependencyFlag": false,
          "bestPromotion": true,
          "comparativePrice": {
            "pricePerUnit": 129,
            "unitQuantity": 100,
            "unitQuantityUom": "g",
            "measureDescription": "100g"
          }
        }
      ],
      "facets": [
        {
          "itemCode": "00020012",
          "itemDescription": "Non-GMO"
        }
      ],
      "categoryTrees": [
        {
          "level0": "Chilled, Frozen & Desserts",
          "level1": "Frozen Foods",
          "level2": "Frozen Ready Meals"
        },
        {
          "level0": "Meal Spot",
          "level1": "Ready to Heat",
          "level2": "Frozen Ready Meals"
        }
      ],
      "cateredFlag": false
    },
    {
      "productId": "5012995-EA-000",
      "brand": "Olivani",
      "name": "Lite Table Spread",
      "displayName": "1kg",
      "availability": [
        "IN_STORE",
        "ONLINE"
      ],
      "saleType": "UNITS",
      "restrictedFlag": false,
      "liquorFlag": false,
      "tobaccoFlag": false,
      "originRegulated": false,
      "singlePrice": {
        "price": 999,
        "comparativePrice": {
          "pricePerUnit": 100,
          "unitQuantity": 100,
          "unitQuantityUom": "g",
          "measureDescription": "100g"
        }
      },
      "facets": [
        {
          "itemCode": "00020007",
          "itemDescription": "Dairy Free"
        },
        {
          "itemCode": "00020012",
          "itemDescription": "Non-GMO"
        }
      ],
      "categoryTrees": [
        {
          "level0": "Fresh Foods & Bakery",
          "level1": "Dairy & Eggs",
          "level2": "Butter & Spreads"
        },
        {
          "level0": "Chilled, Frozen & Desserts",
          "level1": "Dairy & Eggs",
          "level2": "Butter & Spreads"
        }
      ],
      "cateredFlag": false
    },
    {
      "productId": "5262676-EA-000",
      "brand": "McCain",
      "name": "Superfries Steak Cut Chips",
      "displayName": "900g",
      "availability": [
        "IN_STORE",
        "ONLINE"
      ],
      "saleType": "UNITS",
      "restrictedFlag": false,
      "liquorFlag": false,
      "tobaccoFlag": false,
      "originRegulated": false,
      "singlePrice": {
        "price": 429,
        "promoId": "128958313",
        "comparativePrice": {
          "pricePerUnit": 477,
          "unitQuantity": 1,
          "unitQuantityUom": "kg",
          "measureDescription": "1kg"
        }
      },
      "promotions": [
        {
          "promoId": "128958326",
          "rewardValue": 600,
          "decal": "6000",
          "sapType": "LAYERED",
          "rewardType": "NEW_PRICE",
          "threshold": 2,
          "multiProducts": true,
          "cardDependencyFlag": false,
          "bestPromotion": true,
          "comparativePrice": {
            "pricePerUnit": 333,
            "unitQuantity": 1,
            "unitQuantityUom": "kg",
            "measureDescription": "1kg"
          }
        }
      ],
      "categoryTrees": [
        {
          "level0": "Chilled, Frozen & Desserts",
          "level1": "Frozen Foods",
          "level2": "Frozen Fries & Potatoes"
        }
      ],
      "cateredFlag": false
    },
    {
      "productId": "5016484-EA-000",
      "brand": "Sealord",
      "name": "New Zealand Hoki Lemon Pepper Flaky Fillets",
      "displayName": "480g",
      "availability": [
        "IN_STORE",
        "ONLINE"
      ],
      "saleType": "UNITS",
      "restrictedFlag": false,
      "liquorFlag": false,
      "tobaccoFlag": false,
      "originRegulated": false,
      "singlePrice": {
        "price": 849,
        "comparativePrice": {
          "pricePerUnit": 1769,
          "unitQuantity": 1,
          "unitQuantityUom": "kg",
          "measureDescription": "1kg"
        }
      },
      "facets": [
        {
          "itemCode": "00020012",
          "itemDescription": "Non-GMO"
        }
      ],
      "categoryTrees": [
        {
          "level0": "Chilled, Frozen & Desserts",
          "level1": "Frozen Foods",
          "level2": "Frozen Fish"
        }
      ],
      "cateredFlag": false
    },
    {
      "productId": "5027950-EA-000",
      "brand": "Mainland",
      "name": "Tasty Aged Cheddar Cheese",
      "displayName": "500g",
      "availability": [
        "IN_STORE",
        "ONLINE"
      ],
      "saleType": "UNITS",
      "restrictedFlag": false,
      "liquorFlag": false,
      "tobaccoFlag": false,
      "originRegulated": false,
      "singlePrice": {
        "price": 1199,
        "comparativePrice": {
          "pricePerUnit": 240,
          "unitQuantity": 100,
          "unitQuantityUom": "g",
          "measureDescription": "100g"
        }
      },
      "facets": [
        {
          "itemCode": "00020012",
          "itemDescription": "Non-GMO"
        }
      ],
      "categoryTrees": [
        {
          "level0": "Chilled, Frozen & Desserts",
          "level1": "Cheese",
          "level2": "Cheese Blocks"
        }
      ],
      "cateredFlag": false
    },
    {
      "productId": "5034174-EA-000",
      "brand": "Fresh 'n Fruity",
      "name": "Simply Passionfruit Yoghurt",
      "displayName": "1kg",
      "availability": [
        "IN_STORE",
        "ONLINE"
      ],
      "saleType": "UNITS",
      "restrictedFlag": false,
      "liquorFlag": false,
      "tobaccoFlag": false,
      "originRegulated": false,
      "singlePrice": {
        "price": 599,
        "comparativePrice": {
          "pricePerUnit": 60,
          "unitQuantity": 100,
          "unitQuantityUom": "g",
          "measureDescription": "100g"
        }
      },
      "facets": [
        {
          "itemCode": "00020012",
          "itemDescription": "Non-GMO"
        }
      ],
      "categoryTrees": [
        {
          "level0": "Fresh Foods & Bakery",
          "level1": "Dairy & Eggs",
          "level2": "Yoghurt & Dairy Food"
        },
        {
          "level0": "Chilled, Frozen & Desserts",
          "level1": "Dairy & Eggs",
          "level2": "Yoghurt & Dairy Food"
        }
      ],
      "cateredFlag": false
    },
    {
      "productId": "5003734-EA-000",
      "brand": "Pams",
      "name": "Cup Ice Cream Cones",
      "displayName": "30pk",
      "availability": [
        "IN_STORE",
        "ONLINE"
      ],
      "saleType": "UNITS",
      "restrictedFlag": false,
      "liquorFlag": false,
      "tobaccoFlag": false,
      "originRegulated": false,
      "singlePrice": {
        "price": 349,
        "comparativePrice": {
          "pricePerUnit": 259,
          "unitQuantity": 100,
          "unitQuantityUom": "g",
          "measureDescription": "100g"
        }
      },
      "facets": [
        {
          "itemCode": "00020011",
          "itemDescription": "Low Sugar"
        },
        {
          "itemCode": "00020012",
          "itemDescription": "Non-GMO"
        }
      ],
      "categoryTrees": [
        {
          "level0": "Chilled, Frozen & Desserts",
          "level1": "Desserts",
          "level2": "Ice Cream Cones & Wafers"
        },
        {
          "level0": "Featured",
          "level1": "Pams",
          "level2": "Desserts"
        }
      ],
      "cateredFlag": false
    },
    {
      "productId": "5026651-EA-000",
      "brand": "Tip Top",
      "name": "Jelly Tip Ice Cream",
      "displayName": "2l",
      "availability": [
        "IN_STORE",
        "ONLINE"
      ],
      "saleType": "UNITS",
      "restrictedFlag": false,
      "liquorFlag": false,
      "tobaccoFlag": false,
      "originRegulated": false,
      "singlePrice": {
        "price": 549,
        "promoId": "128943918",
        "comparativePrice": {
          "pricePerUnit": 27,
          "unitQuantity": 100,
          "unitQuantityUom": "ml",
          "measureDescription": "100ml"
        }
      },
      "promotions": [
        {
          "promoId": "128943918",
          "rewardValue": 549,
          "decal": "6000",
          "sapType": "BASE",
          "rewardType": "NEW_PRICE",
          "threshold": 1,
          "limit": 0,
          "multiProducts": false,
          "cardDependencyFlag": false,
          "bestPromotion": true,
          "comparativePrice": {
            "pricePerUnit": 27,
            "unitQuantity": 100,
            "unitQuantityUom": "ml",
            "measureDescription": "100ml"
          }
        }
      ],
      "facets": [
        {
          "itemCode": "00020012",
          "itemDescription": "Non-GMO"
        },
        {
          "itemCode": "00020004",
          "itemDescription": "Gluten Free"
        }
      ],
      "categoryTrees": [
        {
          "level0": "Chilled, Frozen & Desserts",
          "level1": "Desserts",
          "level2": "Ice Cream & Frozen Yoghurt"
        }
      ],
      "cateredFlag": false
    }
  ],
  "algoliaSearchResult": {
    "facets": {
      "brand": {
        "Pams": 108,
        "Anchor": 63,
        "Tip Top": 49,
        "Meadow Fresh": 46,
        "Mainland": 45,
        "Kapiti": 38,
        "The Collective": 35,
        "Fresh 'n Fruity": 29,
        "Puhoi Valley": 26,
        "Lewis Road Creamery": 25,
        "McCain": 25,
        "Magnum": 22,
        "Wattie's": 22,
        "Tegel": 21,
        "Food Snob": 19,
        "Whitestone Cheese Co": 19,
        "Farmer Brown": 18,
        "Aunt Betty's": 17,
        "Leader": 17,
        "Much Moore": 17,
        "Yoplait": 16,
        "Castello": 14,
        "Dairyworks": 14,
        "Birds Eye": 13,
        "Emborg": 13,
        "Streets": 13,
        "Fruzio": 12,
        "Shore Mariner": 12,
        "Ben & Jerry's": 11,
        "Fisherking": 11,
        "Hansells": 11,
        "Rolling Meadow": 11,
        "Gopala": 10,
        "Gregg's": 10,
        "Hutchinsons": 10,
        "Sealord": 10,
        "Vitasoy": 10,
        "Easiyo": 9,
        "Moogurt": 9,
        "Pams Value": 9,
        "Raglan Coconut Yoghurt": 9,
        "Angel Bay": 8,
        "De Gustibus": 8,
        "Flora": 8,
        "KungFood": 8,
        "Little Island Coconut Creamery": 8,
        "Talbot Forest": 8,
        "Leanne's Kitchen": 7,
        "Moondarra Cheese": 7,
        "Nudairy's": 7,
        "Philadelphia": 7,
        "Primo": 7,
        "Quorn": 7,
        "Woodland": 7,
        "Barrys Bay": 6,
        "Cadbury": 6,
        "Chesdale": 6,
        "Goodness Kitchen": 6,
        "Ingham's": 6,
        "Massimo's": 6,
        "Meyer": 6,
        "Mr Chips": 6,
        "Olivani": 6,
        "On The Menu": 6,
        "Ornelle": 6,
        "Perfect Italiano": 6,
        "Sara Lee": 6,
        "Tatua": 6,
        "Waimata": 6,
        "Zenzo": 6,
        "Alpro": 5,
        "Birds Eye Oven Bake": 5,
        "Boss": 5,
        "Bouton d'Or": 5,
        "Chicago": 5,
        "Henergy": 5,
        "Juicy": 5,
        "Kingfisher Seafood": 5,
        "Oxford Pies": 5,
        "Pams Plant Based": 5,
        "Sanitarium So Good": 5,
        "Tasman Bay": 5,
        "The Cuisine Canteen": 5,
        "Tip Top Crave": 5,
        "Waitoa": 5,
        "Yolo": 5,
        "Angel Food": 4,
        "Better Eggs": 4,
        "Cartel Food Co": 4,
        "Cathedral Cove Naturals": 4,
        "Coombe Castle": 4,
        "Duck Island": 4,
        "Frozen Harvest": 4,
        "Galaxy": 4,
        "Lets Eat": 4,
        "Mammoth Supply Co.": 4,
        "Meadowlea": 4,
        "Nanna's": 4,
        "Nippy's": 4,
        "Nishin": 4
      },
      "category1NI": {
        "Dairy & Eggs": 462,
        "Frozen Foods": 378,
        "Cheese": 328,
        "Desserts": 273,
        "Pams": 80,
        "Ready to Heat": 43,
        "Cold Drinks": 27,
        "Bakery": 1,
        "Butchery": 1,
        "Canned & Prepared Foods": 1,
        "Household": 1
      },
      "onPromotion": {
        "c3f9e1a3-fc34-452d-af2e-95349e666ba4": 412,
        "5cf0392f-c187-4fc4-a463-eb269d2e8f45": 392,
        "be4c4780-218e-425a-a90f-63e21773572b": 382,
        "90082979-fb9f-4305-9c72-83274fc438cc": 380,
        "8cd700ae-d96f-4761-bd7a-805d6b93536d": 378,
        "61dd754e-8525-4b9e-9e08-173389eea8a8": 376,
        "2ed73be8-936d-4f35-9398-75a707f40a7b": 373,
        "dbca5e00-f7f9-43ae-91de-031ad16f8a92": 373,
        "d8032da3-c1b9-456e-b626-41ce21f8c67b": 371,
        "4a279605-eaa8-470d-bcd4-0a9e3c9ab43b": 362,
        "b29a98bd-749c-489c-9eef-6aa38e66a29b": 361,
        "715f0e22-95e0-45ce-af3a-07057209976e": 350,
        "92086ded-a55d-4241-a364-7d7ea91531b4": 341,
        "21ecaaed-0749-4492-985e-4bb7ba43d59c": 328,
        "33d8d6fc-861a-45ff-9937-5ccdb55eaede": 324,
        "64eab5b1-8d79-45f4-94f1-02b8cf8b6202": 302,
        "3c5e3145-0767-4066-9349-6c0a1313acc5": 297,
        "65defcf2-bc15-490e-a84f-1f13b769cd22": 295,
        "3bb30799-82ce-4648-8c02-5113228963ed": 284,
        "53989945-1a28-481d-a61c-d6f75f760ada": 284,
        "e1925ea7-01bc-4358-ae7c-c6502da5ab12": 280,
        "6e6809dd-01bc-45c9-aab1-f01ccd8338b0": 278,
        "15e6f441-5c1c-4d25-b4ec-1adf918c49c7": 277,
        "49037947-e450-49bf-ba1f-a94551c79a72": 276,
        "c0f80e87-16be-4488-9553-da437e8c6c2a": 275,
        "c180a72d-5dbe-4403-b7c7-91655e505492": 275,
        "98ec3885-ac93-4fcb-807b-59c9055c52c4": 273,
        "b92cc33f-b5a8-4b57-9b82-412946800020": 270,
        "3404c253-577f-45ca-b301-c98312e46efb": 269,
        "3bfe040b-f0c9-45e0-949b-b9ad5a591d55": 269,
        "4fcc1c8e-cc5e-4675-ba25-5e56b579cf69": 269,
        "01a114de-149c-4f5f-80a1-90cc63f69c6e": 267,
        "6cda96e1-7d29-44a6-956b-3fcfdecc8184": 267,
        "48dd98cc-a757-4102-b15d-ea82b4b10571": 266,
        "5f167936-79ae-4f6a-b9d2-74afe1bb096b": 261,
        "1c388d5e-29ac-4956-b476-cb3431353d2e": 259,
        "8f0d70be-5cb7-464b-99cb-8b0130671895": 259,
        "a7d09522-bee2-41e4-8fe0-0b82b7f342f5": 259,
        "d1cd1fdd-8767-46a6-a8d3-c3e0632c2dc8": 258,
        "9cd8eb60-3222-4efc-bd7c-50e03e6a81a4": 254,
        "c2204dae-579e-4b6b-9d42-2e13ceaa6031": 254,
        "b83029b6-5dd5-449e-8056-26f3943a4e18": 253,
        "60561e46-ece7-43a7-b142-9b14812586e4": 250,
        "7d48a781-4f68-4c91-a908-8659e1b22f95": 249,
        "076e8177-943b-41fc-a885-ba3d28297acf": 248,
        "6c73764e-b8e6-4e55-ad37-f6a9d207da1f": 248,
        "714431ab-6e39-4df6-ac77-cfc5c1e25bc8": 248,
        "529d66cc-60e3-432e-b8d1-efc9f2ec4919": 247,
        "b39562a4-2b72-43fe-b9ba-eda1d651ad0b": 245,
        "b2e98a14-c8ca-401e-99ed-edf74570c6f6": 242,
        "d6d39eea-889d-4e20-923c-55cab225cf7f": 238,
        "50b1216b-d066-4457-b88b-9bccf97bf6d3": 237,
        "af385423-d0f1-41f0-9482-ffd10b745143": 237,
        "3e82142c-78dc-46f3-82ec-28e65fcf84c9": 215,
        "94ef1985-cab1-4b39-a2f3-230120f03c16": 192
      },
      "productFacets": {
        "Non-GMO": 878,
        "Gluten Free": 219,
        "Vegetarian": 162,
        "Low Fat": 108,
        "Dairy Free": 107,
        "Vegan": 70,
        "Halal": 61,
        "Free Range": 47,
        "Cage Free": 39,
        "Organic": 34,
        "Low Sugar": 22,
        "Keto": 4,
        "Low Salt": 2
      }
    }
  },
  "totalHits": 1000,
  "page": 5,
  "totalPages": 20,
  "hitsPerPage": 50
}
