{
  "tobaccoProducts": false,
  "products": [
    {
      "productId": "5227962-EA-000",
      "brand": "Mammoth Supply Co.",
      "name": "Double Shot Fix Iced Strong Coffee Flavoured Milk",
      "displayName": "600ml",
      "availability": [
        "IN_STORE",
        "ONLINE"
      ],
      "saleType": "UNITS",
      "restrictedFlag": false,
      "liquorFlag": false,
      "tobaccoFlag": false,
      "originRegulated": false,
      "singlePrice": {
        "price": 489,
        "promoId": "128942737",
        "comparativePrice": {
          "pricePerUnit": 815,
          "unitQuantity": 1,
          "unitQuantityUom": "L",
          "measureDescription": "1L"
        }
      },
      "promotions": [
        {
          "promoId": "128942737",
          "rewardValue": 489,
          "decal": "6000",
          "sapType": "BASE",
          "rewardType": "NEW_PRICE",
          "threshold": 1,
          "limit": 0,
          "multiProducts": false,
          "cardDependencyFlag": false,
          "bestPromotion": true,
          "comparativePrice": {
            "pricePerUnit": 815,
            "unitQuantity": 1,
            "unitQuantityUom": "L",
            "measureDescription": "1L"
          }
        }
      ],
      "facets": [
        {
          "itemCode": "00020012",
          "itemDescription": "Non-GMO"
        }
      ],
      "categoryTrees": [
        {
          "level0": "Fresh Foods & Bakery",
          "level1": "Dairy & Eggs",
          "level2": "Flavoured Milk"
        },
        {
          "level0": "Chilled, Frozen & Desserts",
          "level1": "Dairy & Eggs",
          "level2": "Flavoured Milk"
        }
      ],
      "cateredFlag": false
    },
    {
      "productId": "5223777-EA-000",
      "brand": "NZ Cuisine",
      "name": "Battered Hot Dogs",
      "displayName": "8 x 100g",
      "availability": [
        "IN_STORE",
        "ONLINE"
      ],
      "saleType": "UNITS",
      "restrictedFlag": false,
      "liquorFlag": false,
      "tobaccoFlag": false,
      "originRegulated": false,
      "singlePrice": {
        "price": 1319,
        "comparativePrice": {
          "pricePerUnit": 165,
          "unitQuantity": 100,
          "unitQuantityUom": "g",
          "measureDescription": "100g"
        }
      },
      "categoryTrees": [
        {
          "level0": "Chilled, Frozen & Desserts",
          "level1": "Frozen Foods",
          "level2": "Frozen Savouries"
        },
        {
          "level0": "Meal Spot",
          "level1": "Ready to Heat",
          "level2": "Frozen Savouries"
        }
      ],
      "cateredFlag": false
    },
    {
      "productId": "5006713-EA-000",
      "brand": "Sealord",
      "name": "New Zealand Hoki Fish Fingers",
      "displayName": "400g",
      "availability": [
        "IN_STORE",
        "ONLINE"
      ],
      "saleType": "UNITS",
      "restrictedFlag": false,
      "liquorFlag": false,
      "tobaccoFlag": false,
      "originRegulated": false,
      "singlePrice": {
        "price": 699,
        "comparativePrice": {
          "pricePerUnit": 1748,
          "unitQuantity": 1,
          "unitQuantityUom": "kg",
          "measureDescription": "1kg"
        }
      },
      "facets": [
        {
          "itemCode": "00020012",
          "itemDescription": "Non-GMO"
        }
      ],
      "categoryTrees": [
        {
          "level0": "Chilled, Frozen & Desserts",
          "level1": "Frozen Foods",
          "level2": "Frozen Fish"
        }
      ],
      "cateredFlag": false
    },
    {
      "productId": "5007670-EA-000",
      "brand": "Nishin",
      "name": "TVI Surimi Fish Balls",
      "displayName": "500g",
      "availability": [
        "IN_STORE",
        "ONLINE"
      ],
      "saleType": "UNITS",
      "restrictedFlag": false,
      "liquorFlag": false,
      "tobaccoFlag": false,
      "originRegulated": false,
      "singlePrice": {
        "price": 699,
        "comparativePrice": {
          "pricePerUnit": 1398,
          "unitQuantity": 1,
          "unitQuantityUom": "kg",
          "measureDescription": "1kg"
        }
      },
      "categoryTrees": [
        {
          "level0": "Chilled, Frozen & Desserts",
          "level1": "Frozen Foods",
          "level2": "Frozen Seafood"
        }
      ],
      "cateredFlag": false
    },
    {
      "productId": "5021845-EA-000",
      "brand": "Waimata",
      "name": "Traditional Haloumi Cheese",
      "displayName": "190g",
      "availability": [
        "IN_STORE",
        "ONLINE"
      ],
      "saleType": "UNITS",
      "restrictedFlag": false,
      "liquorFlag": false,
      "tobaccoFlag": false,
      "originRegulated": true,
      "originStatement": "Product of New Zealand",
      "singlePrice": {
        "price": 799,
        "comparativePrice": {
          "pricePerUnit": 421,
          "unitQuantity": 100,
          "unitQuantityUom": "g",
          "measureDescription": "100g"
        }
      },
      "facets": [
        {
          "itemCode": "00020004",
          "itemDescription": "Gluten Free"
        },
        {
          "itemCode": "00020012",
          "itemDescription": "Non-GMO"
        },
        {
          "itemCode": "00020014",
          "itemDescription": "Vegetarian"
        }
      ],
      "categoryTrees": [
        {
          "level0": "Chilled, Frozen & Desserts",
          "level1": "Cheese",
          "level2": "Deli Specialty Cheeses"
        }
      ],
      "cateredFlag": false
    },
    {
      "productId": "5008886-EA-000",
      "brand": "Easiyo",
      "name": "Forest Fruits Flavoured Yogurt Base",
      "displayName": "225g",
      "availability": [
        "IN_STORE",
        "ONLINE"
      ],
      "saleType": "UNITS",
      "restrictedFlag": false,
      "liquorFlag": false,
      "tobaccoFlag": false,
      "originRegulated": false,
      "singlePrice": {
        "price": 389,
        "comparativePrice": {
          "pricePerUnit": 173,
          "unitQuantity": 100,
          "unitQuantityUom": "g",
          "measureDescription": "100g"
        }
      },
      "facets": [
        {
          "itemCode": "00020004",
          "itemDescription": "Gluten Free"
        }
      ],
      "categoryTrees": [
        {
          "level0": "Fresh Foods & Bakery",
          "level1": "Dairy & Eggs",
          "level2": "Yoghurt Bases"
        },
        {
          "level0": "Chilled, Frozen & Desserts",
          "level1": "Dairy & Eggs",
          "level2": "Yoghurt Bases"
        }
      ],
      "cateredFlag": false
    },
    {
      "productId": "5011208-EA-000",
      "brand": "Moondarra Cheese",
      "name": "Cranberry & Macadamia Cream Cheese",
      "displayName": "120g",
      "availability": [
        "IN_STORE",
        "ONLINE"
      ],
      "saleType": "UNITS",
      "restrictedFlag": false,
      "liquorFlag": false,
      "tobaccoFlag": false,
      "originRegulated": false,
      "singlePrice": {
        "price": 599,
        "comparativePrice": {
          "pricePerUnit": 499,
          "unitQuantity": 100,
          "unitQuantityUom": "g",
          "measureDescription": "100g"
        }
      },
      "categoryTrees": [
        {
          "level0": "Chilled, Frozen & Desserts",
          "level1": "Cheese",
          "level2": "Deli Specialty Cheeses"
        }
      ],
      "cateredFlag": false
    },
    {
      "productId": "5265548-EA-000",
      "brand": "Tip Top Crave",
      "name": "Peanut Butter Cup Ice Cream",
      "displayName": "1.2l",
      "availability": [
        "IN_STORE",
        "ONLINE"
      ],
      "saleType": "UNITS",
      "restrictedFlag": false,
      "liquorFlag": false,
      "tobaccoFlag": false,
      "originRegulated": false,
      "singlePrice": {
        "price": 999,
        "comparativePrice": {
          "pricePerUnit": 83,
          "unitQuantity": 100,
          "unitQuantityUom": "ml",
          "measureDescription": "100ml"
        }
      },
      "facets": [
        {
          "itemCode": "00020004",
          "itemDescription": "Gluten Free"
        },
        {
          "itemCode": "00020012",
          "itemDescription": "Non-GMO"
        }
      ],
      "categoryTrees": [
        {
          "level0": "Chilled, Frozen & Desserts",
          "level1": "Desserts",
          "level2": "Ice Cream & Frozen Yoghurt"
        }
      ],
      "cateredFlag": false
    },
    {
      "productId": "5022433-EA-000",
      "brand": "Sara Lee",
      "name": "Deep Dish Rustic Apple Crumble Pie",
      "displayName": "800g",
      "availability": [
        "IN_STORE",
        "ONLINE"
      ],
      "saleType": "UNITS",
      "restrictedFlag": false,
      "liquorFlag": false,
      "tobaccoFlag": false,
      "originRegulated": false,
      "singlePrice": {
        "price": 1069,
        "comparativePrice": {
          "pricePerUnit": 134,
          "unitQuantity": 100,
          "unitQuantityUom": "g",
          "measureDescription": "100g"
        }
      },
      "facets": [
        {
          "itemCode": "00020012",
          "itemDescription": "Non-GMO"
        }
      ],
      "categoryTrees": [
        {
          "level0": "Chilled, Frozen & Desserts",
          "level1": "Desserts",
          "level2": "Frozen Dessert Pastries"
        }
      ],
      "cateredFlag": false
    },
    {
      "productId": "5015546-EA-000",
      "brand": "Chrystal Fresh",
      "name": "Cheese Board Selection",
      "displayName": "275g",
      "availability": [
        "IN_STORE",
        "ONLINE"
      ],
      "saleType": "UNITS",
      "restrictedFlag": false,
      "liquorFlag": false,
      "tobaccoFlag": false,
      "originRegulated": false,
      "singlePrice": {
        "price": 1499,
        "comparativePrice": {
          "pricePerUnit": 545,
          "unitQuantity": 100,
          "unitQuantityUom": "g",
          "measureDescription": "100g"
        }
      },
      "categoryTrees": [
        {
          "level0": "Chilled, Frozen & Desserts",
          "level1": "Cheese",
          "level2": "Deli Cheeseboards"
        }
      ],
      "cateredFlag": false
    },
    {
      "productId": "5019519-EA-000",
      "brand": "Hansells",
      "name": "Thicky & Creamy Vanilla Yoghurt Mix",
      "displayName": "220g",
      "availability": [
        "IN_STORE",
        "ONLINE"
      ],
      "saleType": "UNITS",
      "restrictedFlag": false,
      "liquorFlag": false,
      "tobaccoFlag": false,
      "originRegulated": false,
      "singlePrice": {
        "price": 449,
        "comparativePrice": {
          "pricePerUnit": 204,
          "unitQuantity": 100,
          "unitQuantityUom": "g",
          "measureDescription": "100g"
        }
      },
      "facets": [
        {
          "itemCode": "00020012",
          "itemDescription": "Non-GMO"
        },
        {
          "itemCode": "00020014",
          "itemDescription": "Vegetarian"
        }
      ],
      "categoryTrees": [
        {
          "level0": "Fresh Foods & Bakery",
          "level1": "Dairy & Eggs",
          "level2": "Yoghurt Bases"
        },
        {
          "level0": "Chilled, Frozen & Desserts",
          "level1": "Dairy & Eggs",
          "level2": "Yoghurt Bases"
        }
      ],
      "cateredFlag": false
    },
    {
      "productId": "5033920-EA-000",
      "brand": "Ponsonby Pies",
      "name": "Mince 'n Cheese Family Pie",
      "displayName": "700g",
      "availability": [
        "IN_STORE",
        "ONLINE"
      ],
      "saleType": "UNITS",
      "restrictedFlag": false,
      "liquorFlag": false,
      "tobaccoFlag": false,
      "originRegulated": false,
      "singlePrice": {
        "price": 1149,
        "comparativePrice": {
          "pricePerUnit": 164,
          "unitQuantity": 100,
          "unitQuantityUom": "g",
          "measureDescription": "100g"
        }
      },
      "categoryTrees": [
        {
          "level0": "Chilled, Frozen & Desserts",
          "level1": "Frozen Foods",
          "level2": "Frozen Pies"
        }
      ],
      "cateredFlag": false
    },
    {
      "productId": "5021902-EA-000",
      "brand": "Mainland",
      "name": "Noble Tasty Light Aged Cheddar Cheese",
      "displayName": "250g",
      "availability": [
        "IN_STORE",
        "ONLINE"
      ],
      "saleType": "UNITS",
      "restrictedFlag": false,
      "liquorFlag": false,
      "tobaccoFlag": false,
      "originRegulated": false,
      "singlePrice": {
        "price": 849,
        "comparativePrice": {
          "pricePerUnit": 340,
          "unitQuantity": 100,
          "unitQuantityUom": "g",
          "measureDescription": "100g"
        }
      },
      "facets": [
        {
          "itemCode": "00020012",
          "itemDescription": "Non-GMO"
        },
        {
          "itemCode": "00020014",
          "itemDescription": "Vegetarian"
        }
      ],
      "categoryTrees": [
        {
          "level0": "Chilled, Frozen & Desserts",
          "level1": "Cheese",
          "level2": "Cheese Blocks"
        }
      ],
      "cateredFlag": false
    },
    {
      "productId": "5027141-EA-000",
      "brand": "Meadow Fresh",
      "name": "Traditional Creme Fraiche",
      "displayName": "250g",
      "availability": [
        "IN_STORE",
        "ONLINE"
      ],
      "saleType": "UNITS",
      "restrictedFlag": false,
      "liquorFlag": false,
      "tobaccoFlag": false,
      "originRegulated": false,
      "singlePrice": {
        "price": 599,
        "comparativePrice": {
          "pricePerUnit": 240,
          "unitQuantity": 100,
          "unitQuantityUom": "g",
          "measureDescription": "100g"
        }
      },
      "facets": [
        {
          "itemCode": "00020002",
          "itemDescription": "Halal"
        },
        {
          "itemCode": "00020004",
          "itemDescription": "Gluten Free"
        },
        {
          "itemCode": "00020012",
          "itemDescription": "Non-GMO"
        }
      ],
      "categoryTrees": [
        {
          "level0": "Fresh Foods & Bakery",
          "level1": "Dairy & Eggs",
          "level2": "Sour Cream & Crème Fraiche"
        },
        {
          "level0": "Chilled, Frozen & Desserts",
          "level1": "Dairy & Eggs",
          "level2": "Sour Cream & Crème Fraiche"
        }
      ],
      "cateredFlag": false
    },
    {
      "productId": "5022805-EA-000",
      "brand": "Dairyworks",
      "name": "Tasty & Rice Crackers",
      "displayName": "50g",
      "availability": [
        "IN_STORE",
        "ONLINE"
      ],
      "saleType": "UNITS",
      "restrictedFlag": false,
      "liquorFlag": false,
      "tobaccoFlag": false,
      "originRegulated": false,
      "singlePrice": {
        "price": 279,
        "comparativePrice": {
          "pricePerUnit": 558,
          "unitQuantity": 100,
          "unitQuantityUom": "g",
          "measureDescription": "100g"
        }
      },
      "facets": [
        {
          "itemCode": "00020012",
          "itemDescription": "Non-GMO"
        },
        {
          "itemCode": "00020014",
          "itemDescription": "Vegetarian"
        }
      ],
      "categoryTrees": [
        {
          "level0": "Chilled, Frozen & Desserts",
          "level1": "Cheese",
          "level2": "Cheese Slices"
        }
      ],
      "cateredFlag": false
    },
    {
      "productId": "5024972-EA-000",
      "brand": "Talley's",
      "name": "Broad Beans",
      "displayName": "500g",
      "availability": [
        "IN_STORE",
        "ONLINE"
      ],
      "saleType": "UNITS",
      "restrictedFlag": false,
      "liquorFlag": false,
      "tobaccoFlag": false,
      "originRegulated": true,
      "originStatement": "Product of New Zealand",
      "singlePrice": {
        "price": 379,
        "comparativePrice": {
          "pricePerUnit": 758,
          "unitQuantity": 1,
          "unitQuantityUom": "kg",
          "measureDescription": "1kg"
        }
      },
      "facets": [
        {
          "itemCode": "00020004",
          "itemDescription": "Gluten Free"
        },
        {
          "itemCode": "00020012",
          "itemDescription": "Non-GMO"
        }
      ],
      "categoryTrees": [
        {
          "level0": "Chilled, Frozen & Desserts",
          "level1": "Frozen Foods",
          "level2": "Frozen Vegetables"
        }
      ],
      "cateredFlag": false
    },
    {
      "productId": "5021178-EA-000",
      "brand": "Sara Lee",
      "name": "Creamy Tiramisu",
      "displayName": "415g",
      "availability": [
        "IN_STORE"
      ],
      "saleType": "UNITS",
      "restrictedFlag": false,
      "liquorFlag": false,
      "tobaccoFlag": false,
      "originRegulated": false,
      "singlePrice": {
        "price": 949,
        "comparativePrice": {
          "pricePerUnit": 229,
          "unitQuantity": 100,
          "unitQuantityUom": "g",
          "measureDescription": "100g"
        }
      },
      "facets": [
        {
          "itemCode": "00020012",
          "itemDescription": "Non-GMO"
        }
      ],
      "categoryTrees": [
        {
          "level0": "Chilled, Frozen & Desserts",
          "level1": "Desserts",
          "level2": "Frozen Bavarians & Cheesecake"
        }
      ],
      "cateredFlag": false
    },
    {
      "productId": "5012223-EA-000",
      "brand": "Ingham's",
      "name": "Chicken Breast Kyivs Garlic Butter",
      "displayName": "350g",
      "availability": [
        "IN_STORE",
        "ONLINE"
      ],
      "saleType": "UNITS",
      "restrictedFlag": false,
      "liquorFlag": false,
      "tobaccoFlag": false,
      "originRegulated": false,
      "singlePrice": {
        "price": 1199,
        "comparativePrice": {
          "pricePerUnit": 3426,
          "unitQuantity": 1,
          "unitQuantityUom": "kg",
          "measureDescription": "1kg"
        }
      },
      "categoryTrees": [
        {
          "level0": "Chilled, Frozen & Desserts",
          "level1": "Frozen Foods",
          "level2": "Frozen Chicken & Poultry"
        }
      ],
      "cateredFlag": false
    },
    {
      "productId": "5019521-EA-000",
      "brand": "Hansells",
      "name": "Thick & Creamy Strawberry Yoghurt Mix",
      "displayName": "220g",
      "availability": [
        "IN_STORE",
        "ONLINE"
      ],
      "saleType": "UNITS",
      "restrictedFlag": false,
      "liquorFlag": false,
      "tobaccoFlag": false,
      "originRegulated": false,
      "singlePrice": {
        "price": 449,
        "comparativePrice": {
          "pricePerUnit": 204,
          "unitQuantity": 100,
          "unitQuantityUom": "g",
          "measureDescription": "100g"
        }
      },
      "facets": [
        {
          "itemCode": "00020012",
          "itemDescription": "Non-GMO"
        },
        {
          "itemCode": "00020014",
          "itemDescription": "Vegetarian"
        }
      ],
      "categoryTrees": [
        {
          "level0": "Fresh Foods & Bakery",
          "level1": "Dairy & Eggs",
          "level2": "Yoghurt Bases"
        },
        {
          "level0": "Chilled, Frozen & Desserts",
          "level1": "Dairy & Eggs",
          "level2": "Yoghurt Bases"
        }
      ],
      "cateredFlag": false
    },
    {
      "productId": "5007352-EA-000",
      "brand": "Talbot Forest",
      "name": "Mozzarella Cheese",
      "displayName": "250g",
      "availability": [
        "IN_STORE",
        "ONLINE"
      ],
      "saleType": "UNITS",
      "restrictedFlag": false,
      "liquorFlag": false,
      "tobaccoFlag": false,
      "originRegulated": false,
      "singlePrice": {
        "price": 729,
        "comparativePrice": {
          "pricePerUnit": 292,
          "unitQuantity": 100,
          "unitQuantityUom": "g",
          "measureDescription": "100g"
        }
      },
      "facets": [
        {
          "itemCode": "00020012",
          "itemDescription": "Non-GMO"
        }
      ],
      "categoryTrees": [
        {
          "level0": "Chilled, Frozen & Desserts",
          "level1": "Cheese",
          "level2": "Deli Specialty Cheeses"
        }
      ],
      "cateredFlag": false
    },
    {
      "productId": "5034048-EA-000",
      "brand": "Magnum",
      "name": "Peppermint Ice Cream",
      "displayName": "4 x 107ml",
      "availability": [
        "IN_STORE"
      ],
      "saleType": "UNITS",
      "restrictedFlag": false,
      "liquorFlag": false,
      "tobaccoFlag": false,
      "originRegulated": false,
      "singlePrice": {
        "price": 749,
        "promoId": "128944004",
        "comparativePrice": {
          "pricePerUnit": 175,
          "unitQuantity": 100,
          "unitQuantityUom": "ml",
          "measureDescription": "100ml"
        }
      },
      "promotions": [
        {
          "promoId": "128944004",
          "rewardValue": 749,
          "decal": "6000",
          "sapType": "BASE",
          "rewardType": "NEW_PRICE",
          "threshold": 1,
          "limit": 0,
          "multiProducts": false,
          "cardDependencyFlag": false,
          "bestPromotion": true,
          "comparativePrice": {
            "pricePerUnit": 175,
            "unitQuantity": 100,
            "unitQuantityUom": "ml",
            "measureDescription": "100ml"
          }
        }
      ],
      "facets": [
        {
          "itemCode": "00020013",
          "itemDescription": "Vegan"
        },
        {
          "itemCode": "00020012",
          "itemDescription": "Non-GMO"
        }
      ],
      "categoryTrees": [
        {
          "level0": "Chilled, Frozen & Desserts",
          "level1": "Desserts",
          "level2": "Ice Cream & Frozen Yoghurt"
        }
      ],
      "cateredFlag": false
    },
    {
      "productId": "5031838-EA-000",
      "brand": "Much Moore",
      "name": "Party Pack Neapolitan Ice Cream",
      "displayName": "5l",
      "availability": [
        "IN_STORE",
        "ONLINE"
      ],
      "saleType": "UNITS",
      "restrictedFlag": false,
      "liquorFlag": false,
      "tobaccoFlag": false,
      "originRegulated": false,
      "singlePrice": {
        "price": 1199,
        "comparativePrice": {
          "pricePerUnit": 24,
          "unitQuantity": 100,
          "unitQuantityUom": "ml",
          "measureDescription": "100ml"
        }
      },
      "facets": [
        {
          "itemCode": "00020012",
          "itemDescription": "Non-GMO"
        }
      ],
      "categoryTrees": [
        {
          "level0": "Chilled, Frozen & Desserts",
          "level1": "Desserts",
          "level2": "Ice Cream & Frozen Yoghurt"
        }
      ],
      "cateredFlag": false
    },
    {
      "productId": "5038384-EA-000",
      "brand": "Puhoi Valley",
      "name": "Fresh Organic Half & Half Milk",
      "displayName": "750ml",
      "availability": [
        "IN_STORE",
        "ONLINE"
      ],
      "saleType": "UNITS",
      "restrictedFlag": false,
      "liquorFlag": false,
      "tobaccoFlag": false,
      "originRegulated": false,
      "singlePrice": {
        "price": 689,
        "comparativePrice": {
          "pricePerUnit": 919,
          "unitQuantity": 1,
          "unitQuantityUom": "L",
          "measureDescription": "1L"
        }
      },
      "facets": [
        {
          "itemCode": "00020001",
          "itemDescription": "Organic"
        },
        {
          "itemCode": "00020012",
          "itemDescription": "Non-GMO"
        }
      ],
      "categoryTrees": [
        {
          "level0": "Fresh Foods & Bakery",
          "level1": "Dairy & Eggs",
          "level2": "Fresh Organic Milk"
        },
        {
          "level0": "Chilled, Frozen & Desserts",
          "level1": "Dairy & Eggs",
          "level2": "Fresh Organic Milk"
        }
      ],
      "cateredFlag": false
    },
    {
      "productId": "5234723-EA-000",
      "brand": "Pams",
      "name": "Mozzarella & Basil Pizza",
      "displayName": "455g",
      "availability": [
        "IN_STORE",
        "ONLINE"
      ],
      "saleType": "UNITS",
      "restrictedFlag": false,
      "liquorFlag": false,
      "tobaccoFlag": false,
      "originRegulated": false,
      "singlePrice": {
        "price": 549,
        "comparativePrice": {
          "pricePerUnit": 121,
          "unitQuantity": 100,
          "unitQuantityUom": "g",
          "measureDescription": "100g"
        }
      },
      "facets": [
        {
          "itemCode": "00020012",
          "itemDescription": "Non-GMO"
        },
        {
          "itemCode": "00020014",
          "itemDescription": "Vegetarian"
        }
      ],
      "categoryTrees": [
        {
          "level0": "Chilled, Frozen & Desserts",
          "level1": "Frozen Foods",
          "level2": "Frozen Pizza & Bases"
        },
        {
          "level0": "Meal Spot",
          "level1": "Ready to Heat",
          "level2": "Frozen Pizza & Bases"
        }
      ],
      "cateredFlag": false
    },
    {
      "productId": "5010433-EA-000",
      "brand": "Nippy's",
      "name": "Iced Honeycomb Flavoured Milk",
      "displayName": "375g",
      "availability": [
        "IN_STORE",
        "ONLINE"
      ],
      "saleType": "UNITS",
      "restrictedFlag": false,
      "liquorFlag": false,
      "tobaccoFlag": false,
      "originRegulated": false,
      "singlePrice": {
        "price": 229,
        "comparativePrice": {
          "pricePerUnit": 611,
          "unitQuantity": 1,
          "unitQuantityUom": "L",
          "measureDescription": "1L"
        }
      },
      "facets": [
        {
          "itemCode": "00020004",
          "itemDescription": "Gluten Free"
        }
      ],
      "categoryTrees": [
        {
          "level0": "Fresh Foods & Bakery",
          "level1": "Dairy & Eggs",
          "level2": "Flavoured Milk"
        },
        {
          "level0": "Chilled, Frozen & Desserts",
          "level1": "Dairy & Eggs",
          "level2": "Flavoured Milk"
        }
      ],
      "cateredFlag": false
    },
    {
      "productId": "5093320-EA-000",
      "brand": "Lewis Road Creamery",
      "name": "Fresh Caramel & Butterscotch Flavoured Milk",
      "displayName": "300ml",
      "availability": [
        "IN_STORE",
        "ONLINE"
      ],
      "saleType": "UNITS",
      "restrictedFlag": false,
      "liquorFlag": false,
      "tobaccoFlag": false,
      "originRegulated": false,
      "singlePrice": {
        "price": 369,
        "comparativePrice": {
          "pricePerUnit": 1230,
          "unitQuantity": 1,
          "unitQuantityUom": "L",
          "measureDescription": "1L"
        }
      },
      "categoryTrees": [
        {
          "level0": "Fresh Foods & Bakery",
          "level1": "Dairy & Eggs",
          "level2": "Flavoured Milk"
        },
        {
          "level0": "Chilled, Frozen & Desserts",
          "level1": "Dairy & Eggs",
          "level2": "Flavoured Milk"
        }
      ],
      "cateredFlag": false
    },
    {
      "productId": "5226246-EA-000",
      "brand": "Castello",
      "name": "Creamy Havarti Cheese",
      "displayName": "200g",
      "availability": [
        "IN_STORE",
        "ONLINE"
      ],
      "saleType": "UNITS",
      "restrictedFlag": false,
      "liquorFlag": false,
      "tobaccoFlag": false,
      "originRegulated": false,
      "singlePrice": {
        "price": 969,
        "promoId": "128991971",
        "comparativePrice": {
          "pricePerUnit": 485,
          "unitQuantity": 100,
          "unitQuantityUom": "g",
          "measureDescription": "100g"
        }
      },
      "promotions": [
        {
          "promoId": "128991971",
          "rewardValue": 969,
          "decal": "6000",
          "sapType": "BASE",
          "rewardType": "NEW_PRICE",
          "threshold": 1,
          "limit": 0,
          "multiProducts": false,
          "cardDependencyFlag": false,
          "bestPromotion": true,
          "comparativePrice": {
            "pricePerUnit": 485,
            "unitQuantity": 100,
            "unitQuantityUom": "g",
            "measureDescription": "100g"
          }
        }
      ],
      "categoryTrees": [
        {
          "level0": "Chilled, Frozen & Desserts",
          "level1": "Cheese",
          "level2": "Deli Specialty Cheeses"
        }
      ],
      "cateredFlag": false
    },
    {
      "productId": "5020174-EA-000",
      "brand": "Lewis Road Creamery",
      "name": "Premium New Zealand Unsalted Butter",
      "displayName": "250g",
      "availability": [
        "IN_STORE",
        "ONLINE"
      ],
      "saleType": "UNITS",
      "restrictedFlag": false,
      "liquorFlag": false,
      "tobaccoFlag": false,
      "originRegulated": false,
      "singlePrice": {
        "price": 739,
        "comparativePrice": {
          "pricePerUnit": 296,
          "unitQuantity": 100,
          "unitQuantityUom": "g",
          "measureDescription": "100g"
        }
      },
      "categoryTrees": [
        {
          "level0": "Fresh Foods & Bakery",
          "level1": "Dairy & Eggs",
          "level2": "Butter & Spreads"
        },
        {
          "level0": "Chilled, Frozen & Desserts",
          "level1": "Dairy & Eggs",
          "level2": "Butter & Spreads"
        }
      ],
      "cateredFlag": false
    },
    {
      "productId": "5027335-EA-000",
      "brand": "Hutchinsons",
      "name": "Pear Hazelnut & Vanilla Cream Cheese",
      "displayName": "125g",
      "availability": [
        "IN_STORE",
        "ONLINE"
      ],
      "saleType": "UNITS",
      "restrictedFlag": false,
      "liquorFlag": false,
      "tobaccoFlag": false,
      "originRegulated": false,
      "singlePrice": {
        "price": 599,
        "comparativePrice": {
          "pricePerUnit": 479,
          "unitQuantity": 100,
          "unitQuantityUom": "g",
          "measureDescription": "100g"
        }
      },
      "categoryTrees": [
        {
          "level0": "Chilled, Frozen & Desserts",
          "level1": "Cheese",
          "level2": "Deli Specialty Cheeses"
        }
      ],
      "cateredFlag": false
    },
    {
      "productId": "5235230-EA-000",
      "brand": "Aunt Betty's",
      "name": "Red Velvet Steamed Puddings",
      "displayName": "2 x 95g",
      "availability": [
        "IN_STORE",
        "ONLINE"
      ],
      "saleType": "UNITS",
      "restrictedFlag": false,
      "liquorFlag": false,
      "tobaccoFlag": false,
      "originRegulated": false,
      "singlePrice": {
        "price": 449,
        "comparativePrice": {
          "pricePerUnit": 236,
          "unitQuantity": 100,
          "unitQuantityUom": "g",
          "measureDescription": "100g"
        }
      },
      "categoryTrees": [
        {
          "level0": "Chilled, Frozen & Desserts",
          "level1": "Desserts",
          "level2": "Ready To Serve Puddings"
        }
      ],
      "cateredFlag": false
    },
    {
      "productId": "5262246-EA-000",
      "brand": "Fisherking",
      "name": "Natural Salt & Pepper Squid",
      "displayName": "350g",
      "availability": [
        "IN_STORE",
        "ONLINE"
      ],
      "saleType": "UNITS",
      "restrictedFlag": false,
      "liquorFlag": false,
      "tobaccoFlag": false,
      "originRegulated": false,
      "singlePrice": {
        "price": 749,
        "comparativePrice": {
          "pricePerUnit": 2140,
          "unitQuantity": 1,
          "unitQuantityUom": "kg",
          "measureDescription": "1kg"
        }
      },
      "categoryTrees": [
        {
          "level0": "Chilled, Frozen & Desserts",
          "level1": "Frozen Foods",
          "level2": "Frozen Seafood"
        }
      ],
      "cateredFlag": false
    },
    {
      "productId": "5287554-EA-000",
      "brand": "Lewis Road Creamery",
      "name": "Lactose Free Chocolate Flavoured Milk",
      "displayName": "300ml",
      "availability": [
        "IN_STORE",
        "ONLINE"
      ],
      "saleType": "UNITS",
      "restrictedFlag": false,
      "liquorFlag": false,
      "tobaccoFlag": false,
      "originRegulated": false,
      "singlePrice": {
        "price": 369,
        "comparativePrice": {
          "pricePerUnit": 1230,
          "unitQuantity": 1,
          "unitQuantityUom": "L",
          "measureDescription": "1L"
        }
      },
      "categoryTrees": [
        {
          "level0": "Fresh Foods & Bakery",
          "level1": "Dairy & Eggs",
          "level2": "Flavoured Milk"
        },
        {
          "level0": "Chilled, Frozen & Desserts",
          "level1": "Dairy & Eggs",
          "level2": "Flavoured Milk"
        },
        {
          "level0": "Fresh Foods & Bakery",
          "level1": "Dairy & Eggs",
          "level2": "Dairy & Lactose Free"
        },
        {
          "level0": "Chilled, Frozen & Desserts",
          "level1": "Dairy & Eggs",
          "level2": "Dairy & Lactose Free"
        }
      ],
      "cateredFlag": false
    },
    {
      "productId": "5019529-EA-000",
      "brand": "Hansells",
      "name": "Thick & Creamy Mango Passion Yoghurt Mix",
      "displayName": "220g",
      "availability": [
        "IN_STORE",
        "ONLINE"
      ],
      "saleType": "UNITS",
      "restrictedFlag": false,
      "liquorFlag": false,
      "tobaccoFlag": false,
      "originRegulated": false,
      "singlePrice": {
        "price": 449,
        "comparativePrice": {
          "pricePerUnit": 204,
          "unitQuantity": 100,
          "unitQuantityUom": "g",
          "measureDescription": "100g"
        }
      },
      "facets": [
        {
          "itemCode": "00020012",
          "itemDescription": "Non-GMO"
        },
        {
          "itemCode": "00020014",
          "itemDescription": "Vegetarian"
        }
      ],
      "categoryTrees": [
        {
          "level0": "Fresh Foods & Bakery",
          "level1": "Dairy & Eggs",
          "level2": "Yoghurt Bases"
        },
        {
          "level0": "Chilled, Frozen & Desserts",
          "level1": "Dairy & Eggs",
          "level2": "Yoghurt Bases"
        }
      ],
      "cateredFlag": false
    },
    {
      "productId": "5247607-EA-000",
      "brand": "Cathedral Cove Naturals",
      "name": "Vanilla Bean Coconut Yoghurt",
      "displayName": "500g",
      "availability": [
        "IN_STORE",
        "ONLINE"
      ],
      "saleType": "UNITS",
      "restrictedFlag": false,
      "liquorFlag": false,
      "tobaccoFlag": false,
      "originRegulated": false,
      "singlePrice": {
        "price": 649,
        "promoId": "128943845",
        "comparativePrice": {
          "pricePerUnit": 130,
          "unitQuantity": 100,
          "unitQuantityUom": "g",
          "measureDescription": "100g"
        }
      },
      "promotions": [
        {
          "promoId": "128943845",
          "rewardValue": 649,
          "decal": "6000",
          "sapType": "BASE",
          "rewardType": "NEW_PRICE",
          "threshold": 1,
          "limit": 0,
          "multiProducts": false,
          "cardDependencyFlag": false,
          "bestPromotion": true,
          "comparativePrice": {
            "pricePerUnit": 130,
            "unitQuantity": 100,
            "unitQuantityUom": "g",
            "measureDescription": "100g"
          }
        }
      ],
      "categoryTrees": [
        {
          "level0": "Fresh Foods & Bakery",
          "level1": "Dairy & Eggs",
          "level2": "Yoghurt & Dairy Food"
        },
        {
          "level0": "Chilled, Frozen & Desserts",
          "level1": "Dairy & Eggs",
          "level2": "Yoghurt & Dairy Food"
        }
      ],
      "cateredFlag": false
    },
    {
      "productId": "5019345-EA-000",
      "brand": "Sealord",
      "name": "New Zealand Hoki Classic Crumb Fish Bites",
      "displayName": "400g",
      "availability": [
        "IN_STORE",
        "ONLINE"
      ],
      "saleType": "UNITS",
      "restrictedFlag": false,
      "liquorFlag": false,
      "tobaccoFlag": false,
      "originRegulated": false,
      "singlePrice": {
        "price": 969,
        "comparativePrice": {
          "pricePerUnit": 2423,
          "unitQuantity": 1,
          "unitQuantityUom": "kg",
          "measureDescription": "1kg"
        }
      },
      "facets": [
        {
          "itemCode": "00020012",
          "itemDescription": "Non-GMO"
        }
      ],
      "categoryTrees": [
        {
          "level0": "Chilled, Frozen & Desserts",
          "level1": "Frozen Foods",
          "level2": "Frozen Fish"
        }
      ],
      "cateredFlag": false
    },
    {
      "productId": "5038495-EA-000",
      "brand": "Aeroplane",
      "name": "Jelly Lite Mango Passionfruit Flavour Low Calorie Jelly Crystals",
      "displayName": "2 x 9g",
      "availability": [
        "IN_STORE",
        "ONLINE"
      ],
      "saleType": "UNITS",
      "restrictedFlag": false,
      "liquorFlag": false,
      "tobaccoFlag": false,
      "originRegulated": false,
      "singlePrice": {
        "price": 249,
        "comparativePrice": {
          "pricePerUnit": 1383,
          "unitQuantity": 100,
          "unitQuantityUom": "g",
          "measureDescription": "100g"
        }
      },
      "facets": [
        {
          "itemCode": "00020011",
          "itemDescription": "Low Sugar"
        },
        {
          "itemCode": "00020009",
          "itemDescription": "Low Fat"
        }
      ],
      "categoryTrees": [
        {
          "level0": "Chilled, Frozen & Desserts",
          "level1": "Desserts",
          "level2": "Jelly & Powdered Desserts"
        }
      ],
      "cateredFlag": false
    },
    {
      "productId": "5241541-EA-000",
      "brand": "Value",
      "name": "Raw Prawn Mixed Grade Meat",
      "displayName": "1kg",
      "availability": [
        "IN_STORE",
        "ONLINE"
      ],
      "saleType": "UNITS",
      "restrictedFlag": false,
      "liquorFlag": false,
      "tobaccoFlag": false,
      "originRegulated": true,
      "originStatement": "Product of Vietnam",
      "singlePrice": {
        "price": 2199,
        "comparativePrice": {
          "pricePerUnit": 2199,
          "unitQuantity": 1,
          "unitQuantityUom": "kg",
          "measureDescription": "1kg"
        }
      },
      "facets": [
        {
          "itemCode": "00020012",
          "itemDescription": "Non-GMO"
        },
        {
          "itemCode": "00020007",
          "itemDescription": "Dairy Free"
        }
      ],
      "categoryTrees": [
        {
          "level0": "Chilled, Frozen & Desserts",
          "level1": "Frozen Foods",
          "level2": "Frozen Seafood"
        }
      ],
      "cateredFlag": false
    },
    {
      "productId": "5033596-EA-000",
      "brand": "Hansells",
      "name": "Thick & Creamy Boysenberry Yoghurt Mix",
      "displayName": "220g",
      "availability": [
        "IN_STORE",
        "ONLINE"
      ],
      "saleType": "UNITS",
      "restrictedFlag": false,
      "liquorFlag": false,
      "tobaccoFlag": false,
      "originRegulated": false,
      "singlePrice": {
        "price": 449,
        "comparativePrice": {
          "pricePerUnit": 204,
          "unitQuantity": 100,
          "unitQuantityUom": "g",
          "measureDescription": "100g"
        }
      },
      "facets": [
        {
          "itemCode": "00020012",
          "itemDescription": "Non-GMO"
        }
      ],
      "categoryTrees": [
        {
          "level0": "Fresh Foods & Bakery",
          "level1": "Dairy & Eggs",
          "level2": "Yoghurt Bases"
        },
        {
          "level0": "Chilled, Frozen & Desserts",
          "level1": "Dairy & Eggs",
          "level2": "Yoghurt Bases"
        }
      ],
      "cateredFlag": false
    },
    {
      "productId": "5234620-EA-000",
      "brand": "Fruzio",
      "name": "Sliced Mixed Peppers",
      "displayName": "1kg",
      "availability": [
        "IN_STORE",
        "ONLINE"
      ],
      "saleType": "UNITS",
      "restrictedFlag": false,
      "liquorFlag": false,
      "tobaccoFlag": false,
      "originRegulated": true,
      "originStatement": "Product of China",
      "singlePrice": {
        "price": 679,
        "comparativePrice": {
          "pricePerUnit": 679,
          "unitQuantity": 1,
          "unitQuantityUom": "kg",
          "measureDescription": "1kg"
        }
      },
      "facets": [
        {
          "itemCode": "00020012",
          "itemDescription": "Non-GMO"
        }
      ],
      "categoryTrees": [
        {
          "level0": "Chilled, Frozen & Desserts",
          "level1": "Frozen Foods",
          "level2": "Frozen Vegetables"
        }
      ],
      "cateredFlag": false
    },
    {
      "productId": "5091107-EA-000",
      "brand": "Cartel Food Co",
      "name": "Beans & Cheese Burrito",
      "displayName": "200g",
      "availability": [
        "IN_STORE",
        "ONLINE"
      ],
      "saleType": "UNITS",
      "restrictedFlag": false,
      "liquorFlag": false,
      "tobaccoFlag": false,
      "originRegulated": false,
      "singlePrice": {
        "price": 599,
        "comparativePrice": {
          "pricePerUnit": 300,
          "unitQuantity": 100,
          "unitQuantityUom": "g",
          "measureDescription": "100g"
        }
      },
      "categoryTrees": [
        {
          "level0": "Chilled, Frozen & Desserts",
          "level1": "Frozen Foods",
          "level2": "Frozen Savouries"
        }
      ],
      "cateredFlag": false
    },
    {
      "productId": "5027345-EA-000",
      "brand": "Food Snob",
      "name": "Bulgarian Goat Milk Feta Cheese",
      "displayName": "200g",
      "availability": [
        "IN_STORE",
        "ONLINE"
      ],
      "saleType": "UNITS",
      "restrictedFlag": false,
      "liquorFlag": false,
      "tobaccoFlag": false,
      "originRegulated": false,
      "singlePrice": {
        "price": 849,
        "comparativePrice": {
          "pricePerUnit": 425,
          "unitQuantity": 100,
          "unitQuantityUom": "g",
          "measureDescription": "100g"
        }
      },
      "categoryTrees": [
        {
          "level0": "Chilled, Frozen & Desserts",
          "level1": "Cheese",
          "level2": "Deli Specialty Cheeses"
        }
      ],
      "cateredFlag": false
    },
    {
      "productId": "5025780-EA-000",
      "brand": "Killinchy",
      "name": "Gold Maple Syrup & Walnut New Zealand Ice Cream",
      "displayName": "1l",
      "availability": [
        "IN_STORE",
        "ONLINE"
      ],
      "saleType": "UNITS",
      "restrictedFlag": false,
      "liquorFlag": false,
      "tobaccoFlag": false,
      "originRegulated": false,
      "singlePrice": {
        "price": 999,
        "comparativePrice": {
          "pricePerUnit": 100,
          "unitQuantity": 100,
          "unitQuantityUom": "ml",
          "measureDescription": "100ml"
        }
      },
      "categoryTrees": [
        {
          "level0": "Chilled, Frozen & Desserts",
          "level1": "Desserts",
          "level2": "Ice Cream & Frozen Yoghurt"
        }
      ],
      "cateredFlag": false
    },
    {
      "productId": "5003509-EA-000",
      "brand": "Port Salut",
      "name": "Semi-Hard Ripened Cheese",
      "displayName": "150g",
      "availability": [
        "IN_STORE",
        "ONLINE"
      ],
      "saleType": "UNITS",
      "restrictedFlag": false,
      "liquorFlag": false,
      "tobaccoFlag": false,
      "originRegulated": false,
      "singlePrice": {
        "price": 1189,
        "comparativePrice": {
          "pricePerUnit": 793,
          "unitQuantity": 100,
          "unitQuantityUom": "g",
          "measureDescription": "100g"
        }
      },
      "categoryTrees": [
        {
          "level0": "Chilled, Frozen & Desserts",
          "level1": "Cheese",
          "level2": "Deli Specialty Cheeses"
        }
      ],
      "cateredFlag": false
    },
    {
      "productId": "5104423-EA-000",
      "brand": "Sun Valley Foods",
      "name": "Sago",
      "displayName": "500g",
      "availability": [
        "IN_STORE",
        "ONLINE"
      ],
      "saleType": "UNITS",
      "restrictedFlag": false,
      "liquorFlag": false,
      "tobaccoFlag": false,
      "originRegulated": false,
      "singlePrice": {
        "price": 329,
        "comparativePrice": {
          "pricePerUnit": 66,
          "unitQuantity": 100,
          "unitQuantityUom": "g",
          "measureDescription": "100g"
        }
      },
      "facets": [
        {
          "itemCode": "00020012",
          "itemDescription": "Non-GMO"
        }
      ],
      "categoryTrees": [
        {
          "level0": "Chilled, Frozen & Desserts",
          "level1": "Desserts",
          "level2": "Jelly & Powdered Desserts"
        }
      ],
      "cateredFlag": false
    },
    {
      "productId": "5025944-EA-000",
      "brand": "Mainland",
      "name": "Smooth & Mellow Mild Cheese",
      "displayName": "500g",
      "availability": [
        "IN_STORE",
        "ONLINE"
      ],
      "saleType": "UNITS",
      "restrictedFlag": false,
      "liquorFlag": false,
      "tobaccoFlag": false,
      "originRegulated": false,
      "singlePrice": {
        "price": 819,
        "comparativePrice": {
          "pricePerUnit": 164,
          "unitQuantity": 100,
          "unitQuantityUom": "g",
          "measureDescription": "100g"
        }
      },
      "facets": [
        {
          "itemCode": "00020012",
          "itemDescription": "Non-GMO"
        }
      ],
      "categoryTrees": [
        {
          "level0": "Chilled, Frozen & Desserts",
          "level1": "Cheese",
          "level2": "Cheese Blocks"
        }
      ],
      "cateredFlag": false
    },
    {
      "productId": "5031172-EA-000",
      "brand": "Tomorrow's Meals",
      "name": "Cottage Pie Frozen Meal",
      "displayName": "250g",
      "availability": [
        "IN_STORE",
        "ONLINE"
      ],
      "saleType": "UNITS",
      "restrictedFlag": false,
      "liquorFlag": false,
      "tobaccoFlag": false,
      "originRegulated": false,
      "singlePrice": {
        "price": 649,
        "comparativePrice": {
          "pricePerUnit": 260,
          "unitQuantity": 100,
          "unitQuantityUom": "g",
          "measureDescription": "100g"
        }
      },
      "categoryTrees": [
        {
          "level0": "Chilled, Frozen & Desserts",
          "level1": "Frozen Foods",
          "level2": "Frozen Ready Meals"
        }
      ],
      "cateredFlag": false
    },
    {
      "productId": "5245571-EA-000",
      "brand": "Lewis Road Creamery",
      "name": "Premium Garlic & Parsley Butter",
      "displayName": "250g",
      "availability": [
        "IN_STORE",
        "ONLINE"
      ],
      "saleType": "UNITS",
      "restrictedFlag": false,
      "liquorFlag": false,
      "tobaccoFlag": false,
      "originRegulated": false,
      "singlePrice": {
        "price": 739,
        "comparativePrice": {
          "pricePerUnit": 296,
          "unitQuantity": 100,
          "unitQuantityUom": "g",
          "measureDescription": "100g"
        }
      },
      "categoryTrees": [
        {
          "level0": "Fresh Foods & Bakery",
          "level1": "Dairy & Eggs",
          "level2": "Butter & Spreads"
        },
        {
          "level0": "Chilled, Frozen & Desserts",
          "level1": "Dairy & Eggs",
          "level2": "Butter & Spreads"
        }
      ],
      "cateredFlag": false
    },
    {
      "productId": "5259308-EA-000",
      "brand": "Pams Finest",
      "name": "Thaw & Serve Cooked Prawn Cutlets With Cocktail Sauce",
      "displayName": "400g",
      "availability": [
        "IN_STORE",
        "ONLINE"
      ],
      "saleType": "UNITS",
      "restrictedFlag": false,
      "liquorFlag": false,
      "tobaccoFlag": false,
      "originRegulated": false,
      "singlePrice": {
        "price": 1579,
        "comparativePrice": {
          "pricePerUnit": 3948,
          "unitQuantity": 1,
          "unitQuantityUom": "kg",
          "measureDescription": "1kg"
        }
      },
      "facets": [
        {
          "itemCode": "00020012",
          "itemDescription": "Non-GMO"
        }
      ],
      "categoryTrees": [
        {
          "level0": "Chilled, Frozen & Desserts",
          "level1": "Frozen Foods",
          "level2": "Frozen Seafood"
        }
      ],
      "cateredFlag": false
    },
    {
      "productId": "5229684-EA-000",
      "brand": "Primo",
      "name": "Smoooooth Strawberry Flavoured Milk",
      "displayName": "500ml",
      "availability": [
        "IN_STORE",
        "ONLINE"
      ],
      "saleType": "UNITS",
      "restrictedFlag": false,
      "liquorFlag": false,
      "tobaccoFlag": false,
      "originRegulated": false,
      "singlePrice": {
        "price": 459,
        "comparativePrice": {
          "pricePerUnit": 918,
          "unitQuantity": 1,
          "unitQuantityUom": "L",
          "measureDescription": "1L"
        }
      },
      "facets": [
        {
          "itemCode": "00020012",
          "itemDescription": "Non-GMO"
        }
      ],
      "categoryTrees": [
        {
          "level0": "Fresh Foods & Bakery",
          "level1": "Dairy & Eggs",
          "level2": "Flavoured Milk"
        },
        {
          "level0": "Chilled, Frozen & Desserts",
          "level1": "Dairy & Eggs",
          "level2": "Flavoured Milk"
        }
      ],
      "cateredFlag": false
    },
    {
      "productId": "5028529-EA-000",
      "brand": "Fry's",
      "name": "Chicken Style Vegan Burgers",
      "displayName": "320g",
      "availability": [
        "IN_STORE",
        "ONLINE"
      ],
      "saleType": "UNITS",
      "restrictedFlag": false,
      "liquorFlag": false,
      "tobaccoFlag": false,
      "originRegulated": false,
      "singlePrice": {
        "price": 799,
        "comparativePrice": {
          "pricePerUnit": 250,
          "unitQuantity": 100,
          "unitQuantityUom": "g",
          "measureDescription": "100g"
        }
      },
      "facets": [
        {
          "itemCode": "00020013",
          "itemDescription": "Vegan"
        },
        {
          "itemCode": "00020014",
          "itemDescription": "Vegetarian"
        }
      ],
      "categoryTrees": [
        {
          "level0": "Chilled, Frozen & Desserts",
          "level1": "Frozen Foods",
          "level2": "Frozen Ready Meals"
        },
        {
          "level0": "Chilled, Frozen & Desserts",
          "level1": "Frozen Foods",
          "level2": "Frozen Vegetarian"
        }
      ],
      "cateredFlag": false
    }
  ],
  "algoliaSearchResult": {
    "facets": {
      "brand": {
        "Pams": 108,
        "Anchor": 63,
        "Tip Top": 49,
        "Meadow Fresh": 46,
        "Mainland": 45,
        "Kapiti": 38,
        "The Collective": 35,
        "Fresh 'n Fruity": 29,
        "Puhoi Valley": 26,
        "Lewis Road Creamery": 25,
        "McCain": 25,
        "Magnum": 22,
        "Wattie's": 22,
        "Tegel": 21,
        "Food Snob": 19,
        "Whitestone Cheese Co": 19,
        "Farmer Brown": 18,
        "Aunt Betty's": 17,
        "Leader": 17,
        "Much Moore": 17,
        "Yoplait": 16,
        "Castello": 14,
        "Dairyworks": 14,
        "Birds Eye": 13,
        "Emborg": 13,
        "Streets": 13,
        "Fruzio": 12,
        "Shore Mariner": 12,
        "Ben & Jerry's": 11,
        "Fisherking": 11,
        "Hansells": 11,
        "Rolling Meadow": 11,
        "Gopala": 10,
        "Gregg's": 10,
        "Hutchinsons": 10,
        "Sealord": 10,
        "Vitasoy": 10,
        "Easiyo": 9,
        "Moogurt": 9,
        "Pams Value": 9,
        "Raglan Coconut Yoghurt": 9,
        "Angel Bay": 8,
        "De Gustibus": 8,
        "Flora": 8,
        "KungFood": 8,
        "Little Island Coconut Creamery": 8,
        "Talbot Forest": 8,
        "Leanne's Kitchen": 7,
        "Moondarra Cheese": 7,
        "Nudairy's": 7,
        "Philadelphia": 7,
        "Primo": 7,
        "Quorn": 7,
        "Woodland": 7,
        "Barrys Bay": 6,
        "Cadbury": 6,
        "Chesdale": 6,
        "Goodness Kitchen": 6,
        "Ingham's": 6,
        "Massimo's": 6,
        "Meyer": 6,
        "Mr Chips": 6,
        "Olivani": 6,
        "On The Menu": 6,
        "Ornelle": 6,
        "Perfect Italiano": 6,
        "Sara Lee": 6,
        "Tatua": 6,
        "Waimata": 6,
        "Zenzo": 6,
        "Alpro": 5,
        "Birds Eye Oven Bake": 5,
        "Boss": 5,
        "Bouton d'Or": 5,
        "Chicago": 5,
        "Henergy": 5,
        "Juicy": 5,
        "Kingfisher Seafood": 5,
        "Oxford Pies": 5,
        "Pams Plant Based": 5,
        "Sanitarium So Good": 5,
        "Tasman Bay": 5,
        "The Cuisine Canteen": 5,
        "Tip Top Crave": 5,
        "Waitoa": 5,
        "Yolo": 5,
        "Angel Food": 4,
        "Better Eggs": 4,
        "Cartel Food Co": 4,
        "Cathedral Cove Naturals": 4,
        "Coombe Castle": 4,
        "Duck Island": 4,
        "Frozen Harvest": 4,
        "Galaxy": 4,
        "Lets Eat": 4,
        "Mammoth Supply Co.": 4,
        "Meadowlea": 4,
        "Nanna's": 4,
        "Nippy's": 4,
        "Nishin": 4
      },
      "category1NI": {
        "Dairy & Eggs": 462,
        "Frozen Foods": 378,
        "Cheese": 328,
        "Desserts": 273,
        "Pams": 80,
        "Ready to Heat": 43,
        "Cold Drinks": 27,
        "Bakery": 1,
        "Butchery": 1,
        "Canned & Prepared Foods": 1,
        "Household": 1
      },
      "onPromotion": {
        "c3f9e1a3-fc34-452d-af2e-95349e666ba4": 412,
        "5cf0392f-c187-4fc4-a463-eb269d2e8f45": 392,
        "be4c4780-218e-425a-a90f-63e21773572b": 382,
        "90082979-fb9f-4305-9c72-83274fc438cc": 380,
        "8cd700ae-d96f-4761-bd7a-805d6b93536d": 378,
        "61dd754e-8525-4b9e-9e08-173389eea8a8": 376,
        "2ed73be8-936d-4f35-9398-75a707f40a7b": 373,
        "dbca5e00-f7f9-43ae-91de-031ad16f8a92": 373,
        "d8032da3-c1b9-456e-b626-41ce21f8c67b": 371,
        "4a279605-eaa8-470d-bcd4-0a9e3c9ab43b": 362,
        "b29a98bd-749c-489c-9eef-6aa38e66a29b": 361,
        "715f0e22-95e0-45ce-af3a-07057209976e": 350,
        "92086ded-a55d-4241-a364-7d7ea91531b4": 341,
        "21ecaaed-0749-4492-985e-4bb7ba43d59c": 328,
        "33d8d6fc-861a-45ff-9937-5ccdb55eaede": 324,
        "64eab5b1-8d79-45f4-94f1-02b8cf8b6202": 302,
        "3c5e3145-0767-4066-9349-6c0a1313acc5": 297,
        "65defcf2-bc15-490e-a84f-1f13b769cd22": 295,
        "3bb30799-82ce-4648-8c02-5113228963ed": 284,
        "53989945-1a28-481d-a61c-d6f75f760ada": 284,
        "e1925ea7-01bc-4358-ae7c-c6502da5ab12": 280,
        "6e6809dd-01bc-45c9-aab1-f01ccd8338b0": 278,
        "15e6f441-5c1c-4d25-b4ec-1adf918c49c7": 277,
        "49037947-e450-49bf-ba1f-a94551c79a72": 276,
        "c0f80e87-16be-4488-9553-da437e8c6c2a": 275,
        "c180a72d-5dbe-4403-b7c7-91655e505492": 275,
        "98ec3885-ac93-4fcb-807b-59c9055c52c4": 273,
        "b92cc33f-b5a8-4b57-9b82-412946800020": 270,
        "3404c253-577f-45ca-b301-c98312e46efb": 269,
        "3bfe040b-f0c9-45e0-949b-b9ad5a591d55": 269,
        "4fcc1c8e-cc5e-4675-ba25-5e56b579cf69": 269,
        "01a114de-149c-4f5f-80a1-90cc63f69c6e": 267,
        "6cda96e1-7d29-44a6-956b-3fcfdecc8184": 267,
        "48dd98cc-a757-4102-b15d-ea82b4b10571": 266,
        "5f167936-79ae-4f6a-b9d2-74afe1bb096b": 261,
        "1c388d5e-29ac-4956-b476-cb3431353d2e": 259,
        "8f0d70be-5cb7-464b-99cb-8b0130671895": 259,
        "a7d09522-bee2-41e4-8fe0-0b82b7f342f5": 259,
        "d1cd1fdd-8767-46a6-a8d3-c3e0632c2dc8": 258,
        "9cd8eb60-3222-4efc-bd7c-50e03e6a81a4": 254,
        "c2204dae-579e-4b6b-9d42-2e13ceaa6031": 254,
        "b83029b6-5dd5-449e-8056-26f3943a4e18": 253,
        "60561e46-ece7-43a7-b142-9b14812586e4": 250,
        "7d48a781-4f68-4c91-a908-8659e1b22f95": 249,
        "076e8177-943b-41fc-a885-ba3d28297acf": 248,
        "6c73764e-b8e6-4e55-ad37-f6a9d207da1f": 248,
        "714431ab-6e39-4df6-ac77-cfc5c1e25bc8": 248,
        "529d66cc-60e3-432e-b8d1-efc9f2ec4919": 247,
        "b39562a4-2b72-43fe-b9ba-eda1d651ad0b": 245,
        "b2e98a14-c8ca-401e-99ed-edf74570c6f6": 242,
        "d6d39eea-889d-4e20-923c-55cab225cf7f": 238,
        "50b1216b-d066-4457-b88b-9bccf97bf6d3": 237,
        "af385423-d0f1-41f0-9482-ffd10b745143": 237,
        "3e82142c-78dc-46f3-82ec-28e65fcf84c9": 215,
        "94ef1985-cab1-4b39-a2f3-230120f03c16": 192
      },
      "productFacets": {
        "Non-GMO": 878,
        "Gluten Free": 219,
        "Vegetarian": 162,
        "Low Fat": 108,
        "Dairy Free": 107,
        "Vegan": 70,
        "Halal": 61,
        "Free Range": 47,
        "Cage Free": 39,
        "Organic": 34,
        "Low Sugar": 22,
        "Keto": 4,
        "Low Salt": 2
      }
    }
  },
  "totalHits": 1000,
  "page": 14,
  "totalPages": 20,
  "hitsPerPage": 50
}
