{
  "tobaccoProducts": false,
  "products": [
    {
      "productId": "5030249-EA-000",
      "brand": "V",
      "name": "Blue Guarana Energy Drink",
      "displayName": "4 x 250ml",
      "availability": [
        "IN_STORE",
        "ONLINE"
      ],
      "saleType": "UNITS",
      "restrictedFlag": false,
      "liquorFlag": false,
      "tobaccoFlag": false,
      "originRegulated": false,
      "singlePrice": {
        "price": 749,
        "comparativePrice": {
          "pricePerUnit": 749,
          "unitQuantity": 1,
          "unitQuantityUom": "L",
          "measureDescription": "1L"
        }
      },
      "facets": [
        {
          "itemCode": "00020012",
          "itemDescription": "Non-GMO"
        }
      ],
      "categoryTrees": [
        {
          "level0": "Drinks",
          "level1": "Cold Drinks",
          "level2": "Sports & Energy Drinks"
        }
      ],
      "cateredFlag": false
    },
    {
      "productId": "5005770-EA-000",
      "brand": "Keri",
      "name": "Favourites Apple Juice",
      "displayName": "1l",
      "availability": [
        "IN_STORE",
        "ONLINE"
      ],
      "saleType": "UNITS",
      "restrictedFlag": false,
      "liquorFlag": false,
      "tobaccoFlag": false,
      "originRegulated": false,
      "singlePrice": {
        "price": 229,
        "comparativePrice": {
          "pricePerUnit": 229,
          "unitQuantity": 1,
          "unitQuantityUom": "L",
          "measureDescription": "1L"
        }
      },
      "promotions": [
        {
          "promoId": "129015865",
          "rewardValue": 400,
          "decal": "6000",
          "sapType": "BASE",
          "rewardType": "NEW_PRICE",
          "threshold": 2,
          "multiProducts": true,
          "cardDependencyFlag": false,
          "bestPromotion": true,
          "comparativePrice": {
            "pricePerUnit": 200,
            "unitQuantity": 1,
            "unitQuantityUom": "L",
            "measureDescription": "1L"
          }
        }
      ],
      "facets": [
        {
          "itemCode": "00020012",
          "itemDescription": "Non-GMO"
        }
      ],
      "categoryTrees": [
        {
          "level0": "Drinks",
          "level1": "Cold Drinks",
          "level2": "Fruit Drinks & Juices"
        }
      ],
      "cateredFlag": false
    },
    {
      "productId": "5005349-EA-000",
      "brand": "Keri",
      "name": "Favourites Apple Juice",
      "displayName": "3l",
      "availability": [
        "IN_STORE",
        "ONLINE"
      ],
      "saleType": "UNITS",
      "restrictedFlag": false,
      "liquorFlag": false,
      "tobaccoFlag": false,
      "originRegulated": false,
      "singlePrice": {
        "price": 479,
        "comparativePrice": {
          "pricePerUnit": 160,
          "unitQuantity": 1,
          "unitQuantityUom": "L",
          "measureDescription": "1L"
        }
      },
      "facets": [
        {
          "itemCode": "00020012",
          "itemDescription": "Non-GMO"
        }
      ],
      "categoryTrees": [
        {
          "level0": "Drinks",
          "level1": "Cold Drinks",
          "level2": "Fruit Drinks & Juices"
        }
      ],
      "cateredFlag": false
    },
    {
      "productId": "5011153-EA-000",
      "brand": "Mother",
      "name": "Energy Drink Can",
      "displayName": "500ml",
      "availability": [
        "IN_STORE",
        "ONLINE"
      ],
      "saleType": "UNITS",
      "restrictedFlag": false,
      "liquorFlag": false,
      "tobaccoFlag": false,
      "originRegulated": false,
      "singlePrice": {
        "price": 249,
        "comparativePrice": {
          "pricePerUnit": 498,
          "unitQuantity": 1,
          "unitQuantityUom": "L",
          "measureDescription": "1L"
        }
      },
      "categoryTrees": [
        {
          "level0": "Drinks",
          "level1": "Cold Drinks",
          "level2": "Sports & Energy Drinks"
        }
      ],
      "cateredFlag": false
    },
    {
      "productId": "5001902-EA-000",
      "brand": "Fanta",
      "name": "Orange Soft Drink",
      "displayName": "2.25l",
      "availability": [
        "IN_STORE",
        "ONLINE"
      ],
      "saleType": "UNITS",
      "restrictedFlag": false,
      "liquorFlag": false,
      "tobaccoFlag": false,
      "originRegulated": false,
      "singlePrice": {
        "price": 349,
        "promoId": "129008685",
        "comparativePrice": {
          "pricePerUnit": 155,
          "unitQuantity": 1,
          "unitQuantityUom": "L",
          "measureDescription": "1L"
        }
      },
      "promotions": [
        {
          "promoId": "129020478",
          "rewardValue": 299,
          "decal": "6000",
          "sapType": "LAYERED",
          "rewardType": "NEW_PRICE",
          "threshold": 1,
          "limit": 6,
          "multiProducts": true,
          "description": "Limit 6 assorted",
          "cardDependencyFlag": false,
          "bestPromotion": true,
          "comparativePrice": {
            "pricePerUnit": 133,
            "unitQuantity": 1,
            "unitQuantityUom": "L",
            "measureDescription": "1L"
          }
        }
      ],
      "facets": [
        {
          "itemCode": "00020012",
          "itemDescription": "Non-GMO"
        }
      ],
      "categoryTrees": [
        {
          "level0": "Drinks",
          "level1": "Cold Drinks",
          "level2": "Soft Drinks"
        }
      ],
      "cateredFlag": false
    },
    {
      "productId": "5218270-EA-000",
      "brand": "Coca-Cola",
      "name": "Classic Cans",
      "displayName": "24 x 330ml",
      "availability": [
        "IN_STORE",
        "ONLINE"
      ],
      "saleType": "UNITS",
      "restrictedFlag": false,
      "liquorFlag": false,
      "tobaccoFlag": false,
      "originRegulated": false,
      "singlePrice": {
        "price": 2249,
        "comparativePrice": {
          "pricePerUnit": 284,
          "unitQuantity": 1,
          "unitQuantityUom": "L",
          "measureDescription": "1L"
        }
      },
      "categoryTrees": [
        {
          "level0": "Drinks",
          "level1": "Cold Drinks",
          "level2": "Soft Drinks"
        }
      ],
      "cateredFlag": false
    },
    {
      "productId": "5001550-EA-000",
      "brand": "Fanta",
      "name": "Orange Soft Drink",
      "displayName": "1.5l",
      "availability": [
        "IN_STORE",
        "ONLINE"
      ],
      "saleType": "UNITS",
      "restrictedFlag": false,
      "liquorFlag": false,
      "tobaccoFlag": false,
      "originRegulated": false,
      "singlePrice": {
        "price": 299,
        "comparativePrice": {
          "pricePerUnit": 199,
          "unitQuantity": 1,
          "unitQuantityUom": "L",
          "measureDescription": "1L"
        }
      },
      "categoryTrees": [
        {
          "level0": "Drinks",
          "level1": "Cold Drinks",
          "level2": "Soft Drinks"
        }
      ],
      "cateredFlag": false
    },
    {
      "productId": "5242374-EA-000",
      "brand": "Monster",
      "name": "Mango Loco Energy Drink",
      "displayName": "500ml",
      "availability": [
        "IN_STORE",
        "ONLINE"
      ],
      "saleType": "UNITS",
      "restrictedFlag": false,
      "liquorFlag": false,
      "tobaccoFlag": false,
      "originRegulated": false,
      "singlePrice": {
        "price": 249,
        "promoId": "129015842",
        "comparativePrice": {
          "pricePerUnit": 498,
          "unitQuantity": 1,
          "unitQuantityUom": "L",
          "measureDescription": "1L"
        }
      },
      "promotions": [
        {
          "promoId": "129015842",
          "rewardValue": 249,
          "decal": "6000",
          "sapType": "BASE",
          "rewardType": "NEW_PRICE",
          "threshold": 1,
          "limit": 0,
          "multiProducts": false,
          "cardDependencyFlag": false,
          "bestPromotion": true,
          "comparativePrice": {
            "pricePerUnit": 498,
            "unitQuantity": 1,
            "unitQuantityUom": "L",
            "measureDescription": "1L"
          }
        }
      ],
      "categoryTrees": [
        {
          "level0": "Drinks",
          "level1": "Cold Drinks",
          "level2": "Sports & Energy Drinks"
        }
      ],
      "cateredFlag": false
    },
    {
      "productId": "5005357-EA-000",
      "brand": "Pepsi",
      "name": "Soft Drink",
      "displayName": "1.5l",
      "availability": [
        "IN_STORE",
        "ONLINE"
      ],
      "saleType": "UNITS",
      "restrictedFlag": false,
      "liquorFlag": false,
      "tobaccoFlag": false,
      "originRegulated": false,
      "singlePrice": {
        "price": 269,
        "comparativePrice": {
          "pricePerUnit": 179,
          "unitQuantity": 1,
          "unitQuantityUom": "L",
          "measureDescription": "1L"
        }
      },
      "facets": [
        {
          "itemCode": "00020012",
          "itemDescription": "Non-GMO"
        }
      ],
      "categoryTrees": [
        {
          "level0": "Drinks",
          "level1": "Cold Drinks",
          "level2": "Soft Drinks"
        }
      ],
      "cateredFlag": false
    },
    {
      "productId": "5094827-EA-000",
      "brand": "Value",
      "name": "Lemonade 99% Sugar Free Flavoured Soft Drink",
      "displayName": "1.5l",
      "availability": [
        "IN_STORE",
        "ONLINE"
      ],
      "saleType": "UNITS",
      "restrictedFlag": false,
      "liquorFlag": false,
      "tobaccoFlag": false,
      "originRegulated": false,
      "singlePrice": {
        "price": 129,
        "comparativePrice": {
          "pricePerUnit": 86,
          "unitQuantity": 1,
          "unitQuantityUom": "L",
          "measureDescription": "1L"
        }
      },
      "facets": [
        {
          "itemCode": "00020011",
          "itemDescription": "Low Sugar"
        },
        {
          "itemCode": "00020012",
          "itemDescription": "Non-GMO"
        },
        {
          "itemCode": "00020007",
          "itemDescription": "Dairy Free"
        }
      ],
      "categoryTrees": [
        {
          "level0": "Drinks",
          "level1": "Cold Drinks",
          "level2": "Soft Drinks"
        }
      ],
      "cateredFlag": false
    },
    {
      "productId": "5003156-EA-000",
      "brand": "V",
      "name": "Original Guarana Energy Drink",
      "displayName": "350ml",
      "availability": [
        "IN_STORE",
        "ONLINE"
      ],
      "saleType": "UNITS",
      "restrictedFlag": false,
      "liquorFlag": false,
      "tobaccoFlag": false,
      "originRegulated": false,
      "singlePrice": {
        "price": 299,
        "comparativePrice": {
          "pricePerUnit": 854,
          "unitQuantity": 1,
          "unitQuantityUom": "L",
          "measureDescription": "1L"
        }
      },
      "facets": [
        {
          "itemCode": "00020012",
          "itemDescription": "Non-GMO"
        }
      ],
      "categoryTrees": [
        {
          "level0": "Drinks",
          "level1": "Cold Drinks",
          "level2": "Sports & Energy Drinks"
        }
      ],
      "cateredFlag": false
    },
    {
      "productId": "5093426-EA-000",
      "brand": "Yakult",
      "name": "Probiotic Drink",
      "displayName": "10pk",
      "availability": [
        "IN_STORE",
        "ONLINE"
      ],
      "saleType": "UNITS",
      "restrictedFlag": false,
      "liquorFlag": false,
      "tobaccoFlag": false,
      "originRegulated": false,
      "singlePrice": {
        "price": 859,
        "comparativePrice": {
          "pricePerUnit": 1322,
          "unitQuantity": 1,
          "unitQuantityUom": "L",
          "measureDescription": "1L"
        }
      },
      "facets": [
        {
          "itemCode": "00020012",
          "itemDescription": "Non-GMO"
        },
        {
          "itemCode": "00020004",
          "itemDescription": "Gluten Free"
        }
      ],
      "categoryTrees": [
        {
          "level0": "Drinks",
          "level1": "Cold Drinks",
          "level2": "Drinking Yoghurt & Smoothies"
        }
      ],
      "cateredFlag": false
    },
    {
      "productId": "5020643-EA-000",
      "brand": "Keri",
      "name": "Pulpy Orange Fruit Drink",
      "displayName": "1l",
      "availability": [
        "IN_STORE",
        "ONLINE"
      ],
      "saleType": "UNITS",
      "restrictedFlag": false,
      "liquorFlag": false,
      "tobaccoFlag": false,
      "originRegulated": false,
      "singlePrice": {
        "price": 229,
        "comparativePrice": {
          "pricePerUnit": 229,
          "unitQuantity": 1,
          "unitQuantityUom": "L",
          "measureDescription": "1L"
        }
      },
      "promotions": [
        {
          "promoId": "129015865",
          "rewardValue": 400,
          "decal": "6000",
          "sapType": "BASE",
          "rewardType": "NEW_PRICE",
          "threshold": 2,
          "multiProducts": true,
          "cardDependencyFlag": false,
          "bestPromotion": true,
          "comparativePrice": {
            "pricePerUnit": 200,
            "unitQuantity": 1,
            "unitQuantityUom": "L",
            "measureDescription": "1L"
          }
        }
      ],
      "categoryTrees": [
        {
          "level0": "Drinks",
          "level1": "Cold Drinks",
          "level2": "Fruit Drinks & Juices"
        }
      ],
      "cateredFlag": false
    },
    {
      "productId": "5217266-EA-000",
      "brand": "Just Juice",
      "name": "Orange & Mango Fruit Juice",
      "displayName": "1l",
      "availability": [
        "IN_STORE",
        "ONLINE"
      ],
      "saleType": "UNITS",
      "restrictedFlag": false,
      "liquorFlag": false,
      "tobaccoFlag": false,
      "originRegulated": false,
      "singlePrice": {
        "price": 229,
        "comparativePrice": {
          "pricePerUnit": 229,
          "unitQuantity": 1,
          "unitQuantityUom": "L",
          "measureDescription": "1L"
        }
      },
      "facets": [
        {
          "itemCode": "00020012",
          "itemDescription": "Non-GMO"
        }
      ],
      "categoryTrees": [
        {
          "level0": "Drinks",
          "level1": "Cold Drinks",
          "level2": "Fruit Drinks & Juices"
        }
      ],
      "cateredFlag": false
    },
    {
      "productId": "5002893-EA-000",
      "brand": "V",
      "name": "Green Guarana Energy Drink",
      "displayName": "4 x 250ml",
      "availability": [
        "IN_STORE",
        "ONLINE"
      ],
      "saleType": "UNITS",
      "restrictedFlag": false,
      "liquorFlag": false,
      "tobaccoFlag": false,
      "originRegulated": false,
      "singlePrice": {
        "price": 749,
        "comparativePrice": {
          "pricePerUnit": 749,
          "unitQuantity": 1,
          "unitQuantityUom": "L",
          "measureDescription": "1L"
        }
      },
      "facets": [
        {
          "itemCode": "00020012",
          "itemDescription": "Non-GMO"
        }
      ],
      "categoryTrees": [
        {
          "level0": "Drinks",
          "level1": "Cold Drinks",
          "level2": "Sports & Energy Drinks"
        }
      ],
      "cateredFlag": false
    },
    {
      "productId": "5029020-EA-000",
      "brand": "Pams Plant Based",
      "name": "Original Almond Milk",
      "displayName": "1l",
      "availability": [
        "IN_STORE",
        "ONLINE"
      ],
      "saleType": "UNITS",
      "restrictedFlag": false,
      "liquorFlag": false,
      "tobaccoFlag": false,
      "originRegulated": false,
      "singlePrice": {
        "price": 329,
        "promoId": "128847956",
        "comparativePrice": {
          "pricePerUnit": 329,
          "unitQuantity": 1,
          "unitQuantityUom": "L",
          "measureDescription": "1L"
        }
      },
      "promotions": [
        {
          "promoId": "128847956",
          "rewardValue": 329,
          "decal": "7000",
          "sapType": "BASE",
          "rewardType": "NEW_PRICE",
          "threshold": 1,
          "limit": 0,
          "multiProducts": false,
          "cardDependencyFlag": false,
          "bestPromotion": true,
          "comparativePrice": {
            "pricePerUnit": 329,
            "unitQuantity": 1,
            "unitQuantityUom": "L",
            "measureDescription": "1L"
          }
        }
      ],
      "facets": [
        {
          "itemCode": "00020007",
          "itemDescription": "Dairy Free"
        },
        {
          "itemCode": "00020004",
          "itemDescription": "Gluten Free"
        },
        {
          "itemCode": "00020009",
          "itemDescription": "Low Fat"
        },
        {
          "itemCode": "00020014",
          "itemDescription": "Vegetarian"
        },
        {
          "itemCode": "00020013",
          "itemDescription": "Vegan"
        },
        {
          "itemCode": "00020012",
          "itemDescription": "Non-GMO"
        }
      ],
      "categoryTrees": [
        {
          "level0": "Fresh Foods & Bakery",
          "level1": "Dairy & Eggs",
          "level2": "Dairy & Lactose Free"
        },
        {
          "level0": "Chilled, Frozen & Desserts",
          "level1": "Dairy & Eggs",
          "level2": "Dairy & Lactose Free"
        },
        {
          "level0": "Drinks",
          "level1": "Cold Drinks",
          "level2": "Non Dairy Milks"
        },
        {
          "level0": "Featured",
          "level1": "Pams",
          "level2": "Dairy & Eggs"
        }
      ],
      "cateredFlag": false
    },
    {
      "productId": "5002531-EA-000",
      "brand": "Bell",
      "name": "Original Black Tea Bags",
      "displayName": "100pk",
      "availability": [
        "IN_STORE",
        "ONLINE"
      ],
      "saleType": "UNITS",
      "restrictedFlag": false,
      "liquorFlag": false,
      "tobaccoFlag": false,
      "originRegulated": false,
      "singlePrice": {
        "price": 579,
        "comparativePrice": {
          "pricePerUnit": 579,
          "unitQuantity": 100,
          "unitQuantityUom": " ",
          "measureDescription": "100"
        }
      },
      "facets": [
        {
          "itemCode": "00020012",
          "itemDescription": "Non-GMO"
        }
      ],
      "categoryTrees": [
        {
          "level0": "Pantry",
          "level1": "Hot Drinks",
          "level2": "Black Teas"
        },
        {
          "level0": "Drinks",
          "level1": "Hot Drinks",
          "level2": "Black Teas"
        }
      ],
      "cateredFlag": false
    },
    {
      "productId": "5007492-EA-000",
      "brand": "V",
      "name": "Blue Guarana Energy Drink",
      "displayName": "350ml",
      "availability": [
        "IN_STORE",
        "ONLINE"
      ],
      "saleType": "UNITS",
      "restrictedFlag": false,
      "liquorFlag": false,
      "tobaccoFlag": false,
      "originRegulated": false,
      "singlePrice": {
        "price": 299,
        "comparativePrice": {
          "pricePerUnit": 854,
          "unitQuantity": 1,
          "unitQuantityUom": "L",
          "measureDescription": "1L"
        }
      },
      "facets": [
        {
          "itemCode": "00020012",
          "itemDescription": "Non-GMO"
        }
      ],
      "categoryTrees": [
        {
          "level0": "Drinks",
          "level1": "Cold Drinks",
          "level2": "Sports & Energy Drinks"
        }
      ],
      "cateredFlag": false
    },
    {
      "productId": "5009408-EA-000",
      "brand": "Tongariro",
      "name": "Natural Spring",
      "displayName": "15l",
      "availability": [
        "IN_STORE",
        "ONLINE"
      ],
      "saleType": "UNITS",
      "restrictedFlag": false,
      "liquorFlag": false,
      "tobaccoFlag": false,
      "originRegulated": false,
      "singlePrice": {
        "price": 1029,
        "comparativePrice": {
          "pricePerUnit": 69,
          "unitQuantity": 1,
          "unitQuantityUom": "L",
          "measureDescription": "1L"
        }
      },
      "categoryTrees": [
        {
          "level0": "Drinks",
          "level1": "Cold Drinks",
          "level2": "Still Water"
        }
      ],
      "cateredFlag": false
    },
    {
      "productId": "5094847-EA-000",
      "brand": "Pams",
      "name": "Soda Water With A Lemon Twist",
      "displayName": "1.5l",
      "availability": [
        "IN_STORE",
        "ONLINE"
      ],
      "saleType": "UNITS",
      "restrictedFlag": false,
      "liquorFlag": false,
      "tobaccoFlag": false,
      "originRegulated": false,
      "singlePrice": {
        "price": 149,
        "comparativePrice": {
          "pricePerUnit": 99,
          "unitQuantity": 1,
          "unitQuantityUom": "L",
          "measureDescription": "1L"
        }
      },
      "facets": [
        {
          "itemCode": "00020007",
          "itemDescription": "Dairy Free"
        },
        {
          "itemCode": "00020012",
          "itemDescription": "Non-GMO"
        }
      ],
      "categoryTrees": [
        {
          "level0": "Drinks",
          "level1": "Cold Drinks",
          "level2": "Soft Drinks"
        }
      ],
      "cateredFlag": false
    },
    {
      "productId": "5087428-EA-000",
      "brand": "Pure NZ",
      "name": "Spring Water",
      "displayName": "24pk",
      "availability": [
        "IN_STORE",
        "ONLINE"
      ],
      "saleType": "UNITS",
      "restrictedFlag": false,
      "liquorFlag": false,
      "tobaccoFlag": false,
      "originRegulated": false,
      "singlePrice": {
        "price": 979,
        "comparativePrice": {
          "pricePerUnit": 68,
          "unitQuantity": 1,
          "unitQuantityUom": "L",
          "measureDescription": "1L"
        }
      },
      "categoryTrees": [
        {
          "level0": "Drinks",
          "level1": "Cold Drinks",
          "level2": "Still Water"
        }
      ],
      "cateredFlag": false
    },
    {
      "productId": "5284957-EA-000",
      "brand": "Cadbury",
      "name": "Drinking Chocolate",
      "displayName": "450g",
      "availability": [
        "IN_STORE",
        "ONLINE"
      ],
      "saleType": "UNITS",
      "restrictedFlag": false,
      "liquorFlag": false,
      "tobaccoFlag": false,
      "originRegulated": false,
      "singlePrice": {
        "price": 699,
        "comparativePrice": {
          "pricePerUnit": 155,
          "unitQuantity": 100,
          "unitQuantityUom": "g",
          "measureDescription": "100g"
        }
      },
      "facets": [
        {
          "itemCode": "00020012",
          "itemDescription": "Non-GMO"
        }
      ],
      "categoryTrees": [
        {
          "level0": "Pantry",
          "level1": "Hot Drinks",
          "level2": "Chocolate Milk Drink Mixes"
        },
        {
          "level0": "Drinks",
          "level1": "Hot Drinks",
          "level2": "Chocolate Milk Drink Mixes"
        }
      ],
      "cateredFlag": false
    },
    {
      "productId": "5020650-EA-000",
      "brand": "Keri",
      "name": "Pulpy Tropical Fruit Drink",
      "displayName": "1l",
      "availability": [
        "IN_STORE",
        "ONLINE"
      ],
      "saleType": "UNITS",
      "restrictedFlag": false,
      "liquorFlag": false,
      "tobaccoFlag": false,
      "originRegulated": false,
      "singlePrice": {
        "price": 229,
        "comparativePrice": {
          "pricePerUnit": 229,
          "unitQuantity": 1,
          "unitQuantityUom": "L",
          "measureDescription": "1L"
        }
      },
      "promotions": [
        {
          "promoId": "129015865",
          "rewardValue": 400,
          "decal": "6000",
          "sapType": "BASE",
          "rewardType": "NEW_PRICE",
          "threshold": 2,
          "multiProducts": true,
          "cardDependencyFlag": false,
          "bestPromotion": true,
          "comparativePrice": {
            "pricePerUnit": 200,
            "unitQuantity": 1,
            "unitQuantityUom": "L",
            "measureDescription": "1L"
          }
        }
      ],
      "categoryTrees": [
        {
          "level0": "Drinks",
          "level1": "Cold Drinks",
          "level2": "Fruit Drinks & Juices"
        }
      ],
      "cateredFlag": false
    },
    {
      "productId": "5109655-EA-000",
      "brand": "Mogu Mogu",
      "name": "Lychee Juice With Nate De Coco",
      "displayName": "320ml",
      "availability": [
        "IN_STORE",
        "ONLINE"
      ],
      "saleType": "UNITS",
      "restrictedFlag": false,
      "liquorFlag": false,
      "tobaccoFlag": false,
      "originRegulated": false,
      "singlePrice": {
        "price": 189,
        "comparativePrice": {
          "pricePerUnit": 591,
          "unitQuantity": 1,
          "unitQuantityUom": "L",
          "measureDescription": "1L"
        }
      },
      "categoryTrees": [
        {
          "level0": "Drinks",
          "level1": "Cold Drinks",
          "level2": "Fruit Drinks & Juices"
        }
      ],
      "cateredFlag": false
    },
    {
      "productId": "5202437-EA-000",
      "brand": "Avalanche",
      "name": "Caramel Latte Coffee Sticks",
      "displayName": "10 x 16g",
      "availability": [
        "IN_STORE",
        "ONLINE"
      ],
      "saleType": "UNITS",
      "restrictedFlag": false,
      "liquorFlag": false,
      "tobaccoFlag": false,
      "originRegulated": false,
      "singlePrice": {
        "price": 449,
        "comparativePrice": {
          "pricePerUnit": 45,
          "unitQuantity": 1,
          "unitQuantityUom": "ea",
          "measureDescription": "ea"
        }
      },
      "categoryTrees": [
        {
          "level0": "Pantry",
          "level1": "Hot Drinks",
          "level2": "Coffee Flavoured Sachets"
        },
        {
          "level0": "Drinks",
          "level1": "Hot Drinks",
          "level2": "Coffee Flavoured Sachets"
        }
      ],
      "cateredFlag": false
    },
    {
      "productId": "5214717-EA-000",
      "brand": "Pams",
      "name": "Blackcurrant Fruit Drink",
      "displayName": "1000ml",
      "availability": [
        "IN_STORE",
        "ONLINE"
      ],
      "saleType": "UNITS",
      "restrictedFlag": false,
      "liquorFlag": false,
      "tobaccoFlag": false,
      "originRegulated": false,
      "singlePrice": {
        "price": 579,
        "comparativePrice": {
          "pricePerUnit": 579,
          "unitQuantity": 1,
          "unitQuantityUom": "L",
          "measureDescription": "1L"
        }
      },
      "facets": [
        {
          "itemCode": "00020012",
          "itemDescription": "Non-GMO"
        },
        {
          "itemCode": "00020007",
          "itemDescription": "Dairy Free"
        },
        {
          "itemCode": "00020002",
          "itemDescription": "Halal"
        }
      ],
      "categoryTrees": [
        {
          "level0": "Drinks",
          "level1": "Cold Drinks",
          "level2": "Fruit Drinks & Juices"
        }
      ],
      "cateredFlag": false
    },
    {
      "productId": "5003627-EA-000",
      "brand": "Schweppes",
      "name": "Indian Tonic Water",
      "displayName": "1.5l",
      "availability": [
        "IN_STORE",
        "ONLINE"
      ],
      "saleType": "UNITS",
      "restrictedFlag": false,
      "liquorFlag": false,
      "tobaccoFlag": false,
      "originRegulated": false,
      "singlePrice": {
        "price": 329,
        "comparativePrice": {
          "pricePerUnit": 219,
          "unitQuantity": 1,
          "unitQuantityUom": "L",
          "measureDescription": "1L"
        }
      },
      "facets": [
        {
          "itemCode": "00020012",
          "itemDescription": "Non-GMO"
        }
      ],
      "categoryTrees": [
        {
          "level0": "Drinks",
          "level1": "Cold Drinks",
          "level2": "Soft Drinks"
        }
      ],
      "cateredFlag": false
    },
    {
      "productId": "5109234-EA-000",
      "brand": "Mogu Mogu",
      "name": "Mango Juice With Nate De Coco",
      "displayName": "320ml",
      "availability": [
        "IN_STORE",
        "ONLINE"
      ],
      "saleType": "UNITS",
      "restrictedFlag": false,
      "liquorFlag": false,
      "tobaccoFlag": false,
      "originRegulated": false,
      "singlePrice": {
        "price": 189,
        "comparativePrice": {
          "pricePerUnit": 591,
          "unitQuantity": 1,
          "unitQuantityUom": "L",
          "measureDescription": "1L"
        }
      },
      "categoryTrees": [
        {
          "level0": "Drinks",
          "level1": "Cold Drinks",
          "level2": "Fruit Drinks & Juices"
        }
      ],
      "cateredFlag": false
    },
    {
      "productId": "5019403-EA-000",
      "brand": "Avalanche",
      "name": "Cafe Style Flat White Coffee Sticks",
      "displayName": "10 x 14g",
      "availability": [
        "IN_STORE",
        "ONLINE"
      ],
      "saleType": "UNITS",
      "restrictedFlag": false,
      "liquorFlag": false,
      "tobaccoFlag": false,
      "originRegulated": false,
      "singlePrice": {
        "price": 449,
        "comparativePrice": {
          "pricePerUnit": 45,
          "unitQuantity": 1,
          "unitQuantityUom": "ea",
          "measureDescription": "ea"
        }
      },
      "categoryTrees": [
        {
          "level0": "Pantry",
          "level1": "Hot Drinks",
          "level2": "Coffee Flavoured Sachets"
        },
        {
          "level0": "Drinks",
          "level1": "Hot Drinks",
          "level2": "Coffee Flavoured Sachets"
        }
      ],
      "cateredFlag": false
    },
    {
      "productId": "5001901-EA-000",
      "brand": "L&P",
      "name": "Soft Drink",
      "displayName": "2.25l",
      "availability": [
        "IN_STORE",
        "ONLINE"
      ],
      "saleType": "UNITS",
      "restrictedFlag": false,
      "liquorFlag": false,
      "tobaccoFlag": false,
      "originRegulated": false,
      "singlePrice": {
        "price": 349,
        "promoId": "129008685",
        "comparativePrice": {
          "pricePerUnit": 155,
          "unitQuantity": 1,
          "unitQuantityUom": "L",
          "measureDescription": "1L"
        }
      },
      "promotions": [
        {
          "promoId": "129020478",
          "rewardValue": 299,
          "decal": "6000",
          "sapType": "LAYERED",
          "rewardType": "NEW_PRICE",
          "threshold": 1,
          "limit": 6,
          "multiProducts": true,
          "description": "Limit 6 assorted",
          "cardDependencyFlag": false,
          "bestPromotion": true,
          "comparativePrice": {
            "pricePerUnit": 133,
            "unitQuantity": 1,
            "unitQuantityUom": "L",
            "measureDescription": "1L"
          }
        }
      ],
      "categoryTrees": [
        {
          "level0": "Drinks",
          "level1": "Cold Drinks",
          "level2": "Soft Drinks"
        }
      ],
      "cateredFlag": false
    },
    {
      "productId": "5013077-EA-000",
      "brand": "Raro",
      "name": "Favourites Blackcurrant Flavoured Beverage Mix",
      "displayName": "3 x 80g",
      "availability": [
        "IN_STORE",
        "ONLINE"
      ],
      "saleType": "UNITS",
      "restrictedFlag": false,
      "liquorFlag": false,
      "tobaccoFlag": false,
      "originRegulated": false,
      "singlePrice": {
        "price": 189,
        "promoId": "128910671",
        "comparativePrice": {
          "pricePerUnit": 79,
          "unitQuantity": 100,
          "unitQuantityUom": "g",
          "measureDescription": "100g"
        }
      },
      "promotions": [
        {
          "promoId": "128910671",
          "rewardValue": 189,
          "decal": "6000",
          "sapType": "BASE",
          "rewardType": "NEW_PRICE",
          "threshold": 1,
          "limit": 0,
          "multiProducts": false,
          "cardDependencyFlag": false,
          "bestPromotion": true,
          "comparativePrice": {
            "pricePerUnit": 79,
            "unitQuantity": 100,
            "unitQuantityUom": "g",
            "measureDescription": "100g"
          }
        }
      ],
      "facets": [
        {
          "itemCode": "00020012",
          "itemDescription": "Non-GMO"
        }
      ],
      "categoryTrees": [
        {
          "level0": "Drinks",
          "level1": "Cold Drinks",
          "level2": "Powdered Drinks"
        }
      ],
      "cateredFlag": false
    },
    {
      "productId": "5011597-EA-000",
      "brand": "Raro",
      "name": "Bahama Breeze Flavoured Beverage Mix",
      "displayName": "3 x 80g",
      "availability": [
        "IN_STORE",
        "ONLINE"
      ],
      "saleType": "UNITS",
      "restrictedFlag": false,
      "liquorFlag": false,
      "tobaccoFlag": false,
      "originRegulated": false,
      "singlePrice": {
        "price": 189,
        "promoId": "128910671",
        "comparativePrice": {
          "pricePerUnit": 79,
          "unitQuantity": 100,
          "unitQuantityUom": "g",
          "measureDescription": "100g"
        }
      },
      "promotions": [
        {
          "promoId": "128910671",
          "rewardValue": 189,
          "decal": "6000",
          "sapType": "BASE",
          "rewardType": "NEW_PRICE",
          "threshold": 1,
          "limit": 0,
          "multiProducts": false,
          "cardDependencyFlag": false,
          "bestPromotion": true,
          "comparativePrice": {
            "pricePerUnit": 79,
            "unitQuantity": 100,
            "unitQuantityUom": "g",
            "measureDescription": "100g"
          }
        }
      ],
      "facets": [
        {
          "itemCode": "00020012",
          "itemDescription": "Non-GMO"
        }
      ],
      "categoryTrees": [
        {
          "level0": "Drinks",
          "level1": "Cold Drinks",
          "level2": "Powdered Drinks"
        }
      ],
      "cateredFlag": false
    },
    {
      "productId": "5100596-EA-000",
      "brand": "Yakult",
      "name": "Probiotic Drink",
      "displayName": "5 x 65ml",
      "availability": [
        "IN_STORE",
        "ONLINE"
      ],
      "saleType": "UNITS",
      "restrictedFlag": false,
      "liquorFlag": false,
      "tobaccoFlag": false,
      "originRegulated": false,
      "singlePrice": {
        "price": 449,
        "comparativePrice": {
          "pricePerUnit": 1382,
          "unitQuantity": 1,
          "unitQuantityUom": "L",
          "measureDescription": "1L"
        }
      },
      "facets": [
        {
          "itemCode": "00020012",
          "itemDescription": "Non-GMO"
        },
        {
          "itemCode": "00020004",
          "itemDescription": "Gluten Free"
        }
      ],
      "categoryTrees": [
        {
          "level0": "Drinks",
          "level1": "Cold Drinks",
          "level2": "Drinking Yoghurt & Smoothies"
        }
      ],
      "cateredFlag": false
    },
    {
      "productId": "5233865-EA-000",
      "brand": "Nescafe",
      "name": "Caramel Latte Coffee Sachets Value Pack",
      "displayName": "26 x 17g",
      "availability": [
        "IN_STORE",
        "ONLINE"
      ],
      "saleType": "UNITS",
      "restrictedFlag": false,
      "liquorFlag": false,
      "tobaccoFlag": false,
      "originRegulated": false,
      "singlePrice": {
        "price": 849,
        "promoId": "128959789",
        "comparativePrice": {
          "pricePerUnit": 33,
          "unitQuantity": 1,
          "unitQuantityUom": "ea",
          "measureDescription": "ea"
        }
      },
      "promotions": [
        {
          "promoId": "128959789",
          "rewardValue": 849,
          "decal": "6000",
          "sapType": "BASE",
          "rewardType": "NEW_PRICE",
          "threshold": 1,
          "limit": 0,
          "multiProducts": false,
          "cardDependencyFlag": false,
          "bestPromotion": true,
          "comparativePrice": {
            "pricePerUnit": 33,
            "unitQuantity": 1,
            "unitQuantityUom": "ea",
            "measureDescription": "ea"
          }
        }
      ],
      "facets": [
        {
          "itemCode": "00020014",
          "itemDescription": "Vegetarian"
        }
      ],
      "categoryTrees": [
        {
          "level0": "Pantry",
          "level1": "Hot Drinks",
          "level2": "Coffee Flavoured Sachets"
        },
        {
          "level0": "Drinks",
          "level1": "Hot Drinks",
          "level2": "Coffee Flavoured Sachets"
        }
      ],
      "cateredFlag": false
    },
    {
      "productId": "5001559-EA-000",
      "brand": "Coca-Cola",
      "name": "Soft Drink",
      "displayName": "600ml",
      "availability": [
        "IN_STORE",
        "ONLINE"
      ],
      "saleType": "UNITS",
      "restrictedFlag": false,
      "liquorFlag": false,
      "tobaccoFlag": false,
      "originRegulated": false,
      "singlePrice": {
        "price": 359,
        "comparativePrice": {
          "pricePerUnit": 598,
          "unitQuantity": 1,
          "unitQuantityUom": "L",
          "measureDescription": "1L"
        }
      },
      "facets": [
        {
          "itemCode": "00020012",
          "itemDescription": "Non-GMO"
        }
      ],
      "categoryTrees": [
        {
          "level0": "Drinks",
          "level1": "Cold Drinks",
          "level2": "Soft Drinks"
        }
      ],
      "cateredFlag": false
    },
    {
      "productId": "5002411-EA-000",
      "brand": "Schweppes",
      "name": "Sparkling Duet Lime",
      "displayName": "1.5l",
      "availability": [
        "IN_STORE",
        "ONLINE"
      ],
      "saleType": "UNITS",
      "restrictedFlag": false,
      "liquorFlag": false,
      "tobaccoFlag": false,
      "originRegulated": false,
      "singlePrice": {
        "price": 179,
        "comparativePrice": {
          "pricePerUnit": 119,
          "unitQuantity": 1,
          "unitQuantityUom": "L",
          "measureDescription": "1L"
        }
      },
      "facets": [
        {
          "itemCode": "00020012",
          "itemDescription": "Non-GMO"
        }
      ],
      "categoryTrees": [
        {
          "level0": "Drinks",
          "level1": "Cold Drinks",
          "level2": "Soft Drinks"
        }
      ],
      "cateredFlag": false
    },
    {
      "productId": "5202435-EA-000",
      "brand": "Avalanche",
      "name": "Cappuccino Coffee Sticks",
      "displayName": "10 x 16g",
      "availability": [
        "IN_STORE",
        "ONLINE"
      ],
      "saleType": "UNITS",
      "restrictedFlag": false,
      "liquorFlag": false,
      "tobaccoFlag": false,
      "originRegulated": false,
      "singlePrice": {
        "price": 449,
        "comparativePrice": {
          "pricePerUnit": 45,
          "unitQuantity": 1,
          "unitQuantityUom": "ea",
          "measureDescription": "ea"
        }
      },
      "categoryTrees": [
        {
          "level0": "Pantry",
          "level1": "Hot Drinks",
          "level2": "Coffee Flavoured Sachets"
        },
        {
          "level0": "Drinks",
          "level1": "Hot Drinks",
          "level2": "Coffee Flavoured Sachets"
        }
      ],
      "cateredFlag": false
    },
    {
      "productId": "5283362-EA-000",
      "brand": "V",
      "name": "Zero Sugar Blue Guarana Energy Drink",
      "displayName": "500ml",
      "availability": [
        "IN_STORE",
        "ONLINE"
      ],
      "saleType": "UNITS",
      "restrictedFlag": false,
      "liquorFlag": false,
      "tobaccoFlag": false,
      "originRegulated": false,
      "singlePrice": {
        "price": 249,
        "promoId": "129014120",
        "comparativePrice": {
          "pricePerUnit": 498,
          "unitQuantity": 1,
          "unitQuantityUom": "L",
          "measureDescription": "1L"
        }
      },
      "promotions": [
        {
          "promoId": "129014120",
          "rewardValue": 249,
          "decal": "6000",
          "sapType": "BASE",
          "rewardType": "NEW_PRICE",
          "threshold": 1,
          "limit": 0,
          "multiProducts": false,
          "cardDependencyFlag": false,
          "bestPromotion": true,
          "comparativePrice": {
            "pricePerUnit": 498,
            "unitQuantity": 1,
            "unitQuantityUom": "L",
            "measureDescription": "1L"
          }
        }
      ],
      "facets": [
        {
          "itemCode": "00020011",
          "itemDescription": "Low Sugar"
        },
        {
          "itemCode": "00020012",
          "itemDescription": "Non-GMO"
        }
      ],
      "categoryTrees": [
        {
          "level0": "Drinks",
          "level1": "Cold Drinks",
          "level2": "Sports & Energy Drinks"
        }
      ],
      "cateredFlag": false
    },
    {
      "productId": "5206404-EA-000",
      "brand": "Fresh Up",
      "name": "Harvest Red Apple Fruit Juice Drink",
      "displayName": "1l",
      "availability": [
        "IN_STORE",
        "ONLINE"
      ],
      "saleType": "UNITS",
      "restrictedFlag": false,
      "liquorFlag": false,
      "tobaccoFlag": false,
      "originRegulated": false,
      "singlePrice": {
        "price": 199,
        "promoId": "128956418",
        "comparativePrice": {
          "pricePerUnit": 199,
          "unitQuantity": 1,
          "unitQuantityUom": "L",
          "measureDescription": "1L"
        }
      },
      "promotions": [
        {
          "promoId": "128956418",
          "rewardValue": 199,
          "decal": "6000",
          "sapType": "BASE",
          "rewardType": "NEW_PRICE",
          "threshold": 1,
          "limit": 0,
          "multiProducts": false,
          "cardDependencyFlag": false,
          "bestPromotion": true,
          "comparativePrice": {
            "pricePerUnit": 199,
            "unitQuantity": 1,
            "unitQuantityUom": "L",
            "measureDescription": "1L"
          }
        }
      ],
      "facets": [
        {
          "itemCode": "00020012",
          "itemDescription": "Non-GMO"
        }
      ],
      "categoryTrees": [
        {
          "level0": "Drinks",
          "level1": "Cold Drinks",
          "level2": "Fruit Drinks & Juices"
        }
      ],
      "cateredFlag": false
    },
    {
      "productId": "5002523-EA-000",
      "brand": "Bell",
      "name": "Original Black Tea Bags",
      "displayName": "30pk",
      "availability": [
        "IN_STORE",
        "ONLINE"
      ],
      "saleType": "UNITS",
      "restrictedFlag": false,
      "liquorFlag": false,
      "tobaccoFlag": false,
      "originRegulated": false,
      "singlePrice": {
        "price": 229,
        "promoId": "128878996",
        "comparativePrice": {
          "pricePerUnit": 8,
          "unitQuantity": 1,
          "unitQuantityUom": "ea",
          "measureDescription": "ea"
        }
      },
      "promotions": [
        {
          "promoId": "128878996",
          "rewardValue": 229,
          "decal": "6000",
          "sapType": "BASE",
          "rewardType": "NEW_PRICE",
          "threshold": 1,
          "limit": 0,
          "multiProducts": false,
          "cardDependencyFlag": false,
          "bestPromotion": true,
          "comparativePrice": {
            "pricePerUnit": 8,
            "unitQuantity": 1,
            "unitQuantityUom": "ea",
            "measureDescription": "ea"
          }
        }
      ],
      "facets": [
        {
          "itemCode": "00020012",
          "itemDescription": "Non-GMO"
        }
      ],
      "categoryTrees": [
        {
          "level0": "Pantry",
          "level1": "Hot Drinks",
          "level2": "Black Teas"
        },
        {
          "level0": "Drinks",
          "level1": "Hot Drinks",
          "level2": "Black Teas"
        }
      ],
      "cateredFlag": false
    },
    {
      "productId": "5115340-EA-000",
      "brand": "Mogu Mogu",
      "name": "Grape Flavour Juice With Nate De Coco",
      "displayName": "320ml",
      "availability": [
        "IN_STORE",
        "ONLINE"
      ],
      "saleType": "UNITS",
      "restrictedFlag": false,
      "liquorFlag": false,
      "tobaccoFlag": false,
      "originRegulated": false,
      "singlePrice": {
        "price": 189,
        "comparativePrice": {
          "pricePerUnit": 591,
          "unitQuantity": 1,
          "unitQuantityUom": "L",
          "measureDescription": "1L"
        }
      },
      "categoryTrees": [
        {
          "level0": "Drinks",
          "level1": "Cold Drinks",
          "level2": "Fruit Drinks & Juices"
        }
      ],
      "cateredFlag": false
    },
    {
      "productId": "5236652-EA-000",
      "brand": "Avalanche",
      "name": "99% Sugar Free Flat White Coffee Sticks",
      "displayName": "10 x 14g",
      "availability": [
        "IN_STORE",
        "ONLINE"
      ],
      "saleType": "UNITS",
      "restrictedFlag": false,
      "liquorFlag": false,
      "tobaccoFlag": false,
      "originRegulated": false,
      "singlePrice": {
        "price": 469,
        "promoId": "128943515",
        "comparativePrice": {
          "pricePerUnit": 47,
          "unitQuantity": 1,
          "unitQuantityUom": "ea",
          "measureDescription": "ea"
        }
      },
      "promotions": [
        {
          "promoId": "128943515",
          "rewardValue": 469,
          "decal": "6000",
          "sapType": "BASE",
          "rewardType": "NEW_PRICE",
          "threshold": 1,
          "limit": 0,
          "multiProducts": false,
          "cardDependencyFlag": false,
          "bestPromotion": true,
          "comparativePrice": {
            "pricePerUnit": 47,
            "unitQuantity": 1,
            "unitQuantityUom": "ea",
            "measureDescription": "ea"
          }
        }
      ],
      "facets": [
        {
          "itemCode": "00020011",
          "itemDescription": "Low Sugar"
        }
      ],
      "categoryTrees": [
        {
          "level0": "Pantry",
          "level1": "Hot Drinks",
          "level2": "Coffee Flavoured Sachets"
        },
        {
          "level0": "Drinks",
          "level1": "Hot Drinks",
          "level2": "Coffee Flavoured Sachets"
        }
      ],
      "cateredFlag": false
    },
    {
      "productId": "5024963-EA-000",
      "brand": "Sunburst",
      "name": "Orange Nectar",
      "displayName": "2l",
      "availability": [
        "IN_STORE",
        "ONLINE"
      ],
      "saleType": "UNITS",
      "restrictedFlag": false,
      "liquorFlag": false,
      "tobaccoFlag": false,
      "originRegulated": false,
      "singlePrice": {
        "price": 399,
        "promoId": "129018595",
        "comparativePrice": {
          "pricePerUnit": 200,
          "unitQuantity": 1,
          "unitQuantityUom": "L",
          "measureDescription": "1L"
        }
      },
      "promotions": [
        {
          "promoId": "129018595",
          "rewardValue": 399,
          "decal": "6000",
          "sapType": "BASE",
          "rewardType": "NEW_PRICE",
          "threshold": 1,
          "limit": 0,
          "multiProducts": false,
          "cardDependencyFlag": false,
          "bestPromotion": true,
          "comparativePrice": {
            "pricePerUnit": 200,
            "unitQuantity": 1,
            "unitQuantityUom": "L",
            "measureDescription": "1L"
          }
        }
      ],
      "categoryTrees": [
        {
          "level0": "Drinks",
          "level1": "Cold Drinks",
          "level2": "Chilled Fruit Juices"
        }
      ],
      "cateredFlag": false
    },
    {
      "productId": "5001552-EA-000",
      "brand": "Lift",
      "name": "Sparkling Lemon Fruit Drink",
      "displayName": "1.5l",
      "availability": [
        "IN_STORE",
        "ONLINE"
      ],
      "saleType": "UNITS",
      "restrictedFlag": false,
      "liquorFlag": false,
      "tobaccoFlag": false,
      "originRegulated": false,
      "singlePrice": {
        "price": 299,
        "comparativePrice": {
          "pricePerUnit": 199,
          "unitQuantity": 1,
          "unitQuantityUom": "L",
          "measureDescription": "1L"
        }
      },
      "categoryTrees": [
        {
          "level0": "Drinks",
          "level1": "Cold Drinks",
          "level2": "Soft Drinks"
        }
      ],
      "cateredFlag": false
    },
    {
      "productId": "5011176-EA-000",
      "brand": "Twist",
      "name": "Fruit Drink Orange & Mango",
      "displayName": "8pk",
      "availability": [
        "IN_STORE",
        "ONLINE"
      ],
      "saleType": "UNITS",
      "restrictedFlag": false,
      "liquorFlag": false,
      "tobaccoFlag": false,
      "originRegulated": false,
      "singlePrice": {
        "price": 549,
        "comparativePrice": {
          "pricePerUnit": 549,
          "unitQuantity": 1,
          "unitQuantityUom": "L",
          "measureDescription": "1L"
        }
      },
      "facets": [
        {
          "itemCode": "00020012",
          "itemDescription": "Non-GMO"
        }
      ],
      "categoryTrees": [
        {
          "level0": "Drinks",
          "level1": "Cold Drinks",
          "level2": "Fruit Drinks & Juices"
        }
      ],
      "cateredFlag": false
    },
    {
      "productId": "5008161-EA-000",
      "brand": "Pure NZ",
      "name": "Sparkling Water",
      "displayName": "1.5l",
      "availability": [
        "IN_STORE",
        "ONLINE"
      ],
      "saleType": "UNITS",
      "restrictedFlag": false,
      "liquorFlag": false,
      "tobaccoFlag": false,
      "originRegulated": false,
      "singlePrice": {
        "price": 139,
        "comparativePrice": {
          "pricePerUnit": 93,
          "unitQuantity": 1,
          "unitQuantityUom": "L",
          "measureDescription": "1L"
        }
      },
      "categoryTrees": [
        {
          "level0": "Drinks",
          "level1": "Cold Drinks",
          "level2": "Sparkling Water"
        }
      ],
      "cateredFlag": false
    },
    {
      "productId": "5001570-EA-000",
      "brand": "Schweppes",
      "name": "Diet Indian Tonic Water",
      "displayName": "1.5l",
      "availability": [
        "IN_STORE",
        "ONLINE"
      ],
      "saleType": "UNITS",
      "restrictedFlag": false,
      "liquorFlag": false,
      "tobaccoFlag": false,
      "originRegulated": false,
      "singlePrice": {
        "price": 329,
        "comparativePrice": {
          "pricePerUnit": 219,
          "unitQuantity": 1,
          "unitQuantityUom": "L",
          "measureDescription": "1L"
        }
      },
      "facets": [
        {
          "itemCode": "00020012",
          "itemDescription": "Non-GMO"
        },
        {
          "itemCode": "00020011",
          "itemDescription": "Low Sugar"
        }
      ],
      "categoryTrees": [
        {
          "level0": "Drinks",
          "level1": "Cold Drinks",
          "level2": "Soft Drinks"
        }
      ],
      "cateredFlag": false
    },
    {
      "productId": "5005222-EA-000",
      "brand": "Bundaberg",
      "name": "Ginger Beer",
      "displayName": "4 x 375ml",
      "availability": [
        "IN_STORE",
        "ONLINE"
      ],
      "saleType": "UNITS",
      "restrictedFlag": false,
      "liquorFlag": false,
      "tobaccoFlag": false,
      "originRegulated": false,
      "singlePrice": {
        "price": 699,
        "comparativePrice": {
          "pricePerUnit": 466,
          "unitQuantity": 1,
          "unitQuantityUom": "L",
          "measureDescription": "1L"
        }
      },
      "categoryTrees": [
        {
          "level0": "Drinks",
          "level1": "Cold Drinks",
          "level2": "Soft Drinks"
        }
      ],
      "cateredFlag": false
    },
    {
      "productId": "5006676-EA-000",
      "brand": "Keri",
      "name": "Juice Kitchen Premium Orange Juice",
      "displayName": "1l",
      "availability": [
        "IN_STORE",
        "ONLINE"
      ],
      "saleType": "UNITS",
      "restrictedFlag": false,
      "liquorFlag": false,
      "tobaccoFlag": false,
      "originRegulated": false,
      "singlePrice": {
        "price": 299,
        "comparativePrice": {
          "pricePerUnit": 299,
          "unitQuantity": 1,
          "unitQuantityUom": "L",
          "measureDescription": "1L"
        }
      },
      "facets": [
        {
          "itemCode": "00020012",
          "itemDescription": "Non-GMO"
        }
      ],
      "categoryTrees": [
        {
          "level0": "Drinks",
          "level1": "Cold Drinks",
          "level2": "Fruit Drinks & Juices"
        }
      ],
      "cateredFlag": false
    },
    {
      "productId": "5001443-EA-000",
      "brand": "Red Bull",
      "name": "Energy Drink",
      "displayName": "4 x 250ml",
      "availability": [
        "IN_STORE",
        "ONLINE"
      ],
      "saleType": "UNITS",
      "restrictedFlag": false,
      "liquorFlag": false,
      "tobaccoFlag": false,
      "originRegulated": false,
      "singlePrice": {
        "price": 859,
        "comparativePrice": {
          "pricePerUnit": 859,
          "unitQuantity": 1,
          "unitQuantityUom": "L",
          "measureDescription": "1L"
        }
      },
      "categoryTrees": [
        {
          "level0": "Drinks",
          "level1": "Cold Drinks",
          "level2": "Sports & Energy Drinks"
        }
      ],
      "cateredFlag": false
    }
  ],
  "algoliaSearchResult": {
    "facets": {
      "brand": {
        "Nescafe": 36,
        "Healtheries": 29,
        "The Homegrown Juice Company": 29,
        "Avalanche": 27,
        "V": 27,
        "Lo Bros": 26,
        "Schweppes": 26,
        "Bundaberg": 24,
        "Moccona": 24,
        "Coca-Cola": 21,
        "Keri": 20,
        "Red Seal": 20,
        "Charlie's": 19,
        "Dilmah": 19,
        "Jed's Coffee Co.": 19,
        "L'affare": 18,
        "Red Bull": 18,
        "Remedy": 17,
        "Barker's": 16,
        "Pams": 16,
        "Robert Harris": 16,
        "Bell": 15,
        "Sprite": 14,
        "Havana": 13,
        "L'OR": 12,
        "Musashi": 12,
        "Just Juice": 11,
        "Monster": 11,
        "Vitasoy": 11,
        "Hummingbird": 10,
        "Good Buzz": 9,
        "Gregg's": 9,
        "Vitasport": 9,
        "Nestle": 8,
        "Six Barrel Soda Co": 8,
        "Coca-Cola Zero": 7,
        "L&P": 7,
        "Powerade": 7,
        "Raro": 7,
        "Twinings": 7,
        "Value": 7,
        "Almighty": 6,
        "Arepa": 6,
        "Coffee Supreme": 6,
        "Diet Coca-Cola": 6,
        "Fanta": 6,
        "Gatorade": 6,
        "Karajoz": 6,
        "McCoy": 6,
        "Mogu Mogu": 6,
        "Mother": 6,
        "Pepsi Max": 6,
        "Pumped": 6,
        "Sodastream": 6,
        "Starbucks": 6,
        "The Apple Press": 6,
        "Vital Zing": 6,
        "Alchemy & Tonic": 5,
        "Celsius": 5,
        "Choysa": 5,
        "Fever-Tree": 5,
        "Live Plus": 5,
        "Mountain Dew": 5,
        "Ocean Spray": 5,
        "Sanitarium So Good": 5,
        "Ti Ora": 5,
        "Aurora": 4,
        "Bickford's": 4,
        "Good Fortune Coffee Co.": 4,
        "Karma Drinks": 4,
        "Kiwi Blue": 4,
        "La Croix": 4,
        "Lipton": 4,
        "Pams Plant Based": 4,
        "Peoples Coffee": 4,
        "StrangeLove": 4,
        "Tongariro": 4,
        "Allpress Espresso": 3,
        "Fresh Up": 3,
        "Jarrah": 3,
        "Lift": 3,
        "Liquid Death": 3,
        "Meadow Fresh": 3,
        "Nescafe Dolce Gusto": 3,
        "Pepsi": 3,
        "Phoenix": 3,
        "Pump": 3,
        "Ribena": 3,
        "V8": 3,
        "Vitafresh": 3,
        "Yakult": 3,
        "e2": 3,
        "7UP": 2,
        "All Good": 2,
        "Beet It": 2,
        "Boring": 2,
        "Chi'": 2,
        "Deep Spring": 2,
        "Fagg's": 2,
        "Fuze": 2
      },
      "category1NI": {
        "Cold Drinks": 625,
        "Hot Drinks": 342,
        "Dairy & Eggs": 27,
        "Pams": 8,
        "Canned & Prepared Foods": 1
      },
      "onPromotion": {
        "4a279605-eaa8-470d-bcd4-0a9e3c9ab43b": 305,
        "3c5e3145-0767-4066-9349-6c0a1313acc5": 296,
        "01a114de-149c-4f5f-80a1-90cc63f69c6e": 286,
        "61dd754e-8525-4b9e-9e08-173389eea8a8": 285,
        "d8032da3-c1b9-456e-b626-41ce21f8c67b": 283,
        "21ecaaed-0749-4492-985e-4bb7ba43d59c": 282,
        "90082979-fb9f-4305-9c72-83274fc438cc": 278,
        "b29a98bd-749c-489c-9eef-6aa38e66a29b": 277,
        "b92cc33f-b5a8-4b57-9b82-412946800020": 276,
        "2ed73be8-936d-4f35-9398-75a707f40a7b": 274,
        "dbca5e00-f7f9-43ae-91de-031ad16f8a92": 273,
        "c3f9e1a3-fc34-452d-af2e-95349e666ba4": 272,
        "5cf0392f-c187-4fc4-a463-eb269d2e8f45": 271,
        "be4c4780-218e-425a-a90f-63e21773572b": 271,
        "64eab5b1-8d79-45f4-94f1-02b8cf8b6202": 265,
        "8cd700ae-d96f-4761-bd7a-805d6b93536d": 263,
        "715f0e22-95e0-45ce-af3a-07057209976e": 255,
        "7d48a781-4f68-4c91-a908-8659e1b22f95": 255,
        "92086ded-a55d-4241-a364-7d7ea91531b4": 237,
        "33d8d6fc-861a-45ff-9937-5ccdb55eaede": 232,
        "714431ab-6e39-4df6-ac77-cfc5c1e25bc8": 231,
        "b2e98a14-c8ca-401e-99ed-edf74570c6f6": 222,
        "c180a72d-5dbe-4403-b7c7-91655e505492": 209,
        "4fcc1c8e-cc5e-4675-ba25-5e56b579cf69": 200,
        "c2204dae-579e-4b6b-9d42-2e13ceaa6031": 199,
        "65defcf2-bc15-490e-a84f-1f13b769cd22": 198,
        "6e6809dd-01bc-45c9-aab1-f01ccd8338b0": 198,
        "e1925ea7-01bc-4358-ae7c-c6502da5ab12": 195,
        "3bfe040b-f0c9-45e0-949b-b9ad5a591d55": 194,
        "d6d39eea-889d-4e20-923c-55cab225cf7f": 193,
        "3404c253-577f-45ca-b301-c98312e46efb": 190,
        "3bb30799-82ce-4648-8c02-5113228963ed": 190,
        "60561e46-ece7-43a7-b142-9b14812586e4": 186,
        "a7d09522-bee2-41e4-8fe0-0b82b7f342f5": 181,
        "53989945-1a28-481d-a61c-d6f75f760ada": 180,
        "6cda96e1-7d29-44a6-956b-3fcfdecc8184": 180,
        "8f0d70be-5cb7-464b-99cb-8b0130671895": 178,
        "6c73764e-b8e6-4e55-ad37-f6a9d207da1f": 175,
        "c0f80e87-16be-4488-9553-da437e8c6c2a": 175,
        "1c388d5e-29ac-4956-b476-cb3431353d2e": 170,
        "5f167936-79ae-4f6a-b9d2-74afe1bb096b": 170,
        "d1cd1fdd-8767-46a6-a8d3-c3e0632c2dc8": 163,
        "48dd98cc-a757-4102-b15d-ea82b4b10571": 160,
        "3e82142c-78dc-46f3-82ec-28e65fcf84c9": 159,
        "9cd8eb60-3222-4efc-bd7c-50e03e6a81a4": 158,
        "49037947-e450-49bf-ba1f-a94551c79a72": 148,
        "529d66cc-60e3-432e-b8d1-efc9f2ec4919": 148,
        "b39562a4-2b72-43fe-b9ba-eda1d651ad0b": 146,
        "15e6f441-5c1c-4d25-b4ec-1adf918c49c7": 145,
        "b83029b6-5dd5-449e-8056-26f3943a4e18": 133,
        "98ec3885-ac93-4fcb-807b-59c9055c52c4": 132,
        "50b1216b-d066-4457-b88b-9bccf97bf6d3": 131,
        "076e8177-943b-41fc-a885-ba3d28297acf": 128,
        "94ef1985-cab1-4b39-a2f3-230120f03c16": 123,
        "af385423-d0f1-41f0-9482-ffd10b745143": 103
      },
      "productFacets": {
        "Non-GMO": 381,
        "Low Sugar": 140,
        "Organic": 95,
        "Gluten Free": 90,
        "Vegan": 45,
        "Vegetarian": 45,
        "Dairy Free": 34,
        "Low Fat": 31,
        "Halal": 29
      }
    }
  },
  "totalHits": 967,
  "page": 1,
  "totalPages": 20,
  "hitsPerPage": 50
}
