{
  "tobaccoProducts": false,
  "products": [
    {
      "productId": "5010720-EA-000",
      "brand": "Bluebird",
      "name": "Originals Sour Cream & Chives Potato Chips",
      "displayName": "150g",
      "availability": [
        "IN_STORE",
        "ONLINE"
      ],
      "saleType": "UNITS",
      "restrictedFlag": false,
      "liquorFlag": false,
      "tobaccoFlag": false,
      "originRegulated": false,
      "singlePrice": {
        "price": 149,
        "promoId": "128944265",
        "comparativePrice": {
          "pricePerUnit": 99,
          "unitQuantity": 100,
          "unitQuantityUom": "g",
          "measureDescription": "100g"
        }
      },
      "promotions": [
        {
          "promoId": "128944265",
          "rewardValue": 149,
          "decal": "6000",
          "sapType": "BASE",
          "rewardType": "NEW_PRICE",
          "threshold": 1,
          "limit": 0,
          "multiProducts": false,
          "cardDependencyFlag": false,
          "bestPromotion": true,
          "comparativePrice": {
            "pricePerUnit": 99,
            "unitQuantity": 100,
            "unitQuantityUom": "g",
            "measureDescription": "100g"
          }
        }
      ],
      "facets": [
        {
          "itemCode": "00020014",
          "itemDescription": "Vegetarian"
        },
        {
          "itemCode": "00020012",
          "itemDescription": "Non-GMO"
        }
      ],
      "categoryTrees": [
        {
          "level0": "Pantry",
          "level1": "Snack Foods",
          "level2": "Potato Chips"
        }
      ],
      "cateredFlag": false
    },
    {
      "productId": "5009651-EA-000",
      "brand": "Whittaker's",
      "name": "Creamy Milk 33% Cocoa Milk Chocolate Block",
      "displayName": "250g",
      "availability": [
        "IN_STORE",
        "ONLINE"
      ],
      "saleType": "UNITS",
      "restrictedFlag": false,
      "liquorFlag": false,
      "tobaccoFlag": false,
      "originRegulated": false,
      "singlePrice": {
        "price": 549,
        "promoId": "128923223",
        "comparativePrice": {
          "pricePerUnit": 220,
          "unitQuantity": 100,
          "unitQuantityUom": "g",
          "measureDescription": "100g"
        }
      },
      "promotions": [
        {
          "promoId": "128923223",
          "rewardValue": 549,
          "decal": "6000",
          "sapType": "BASE",
          "rewardType": "NEW_PRICE",
          "threshold": 1,
          "limit": 0,
          "multiProducts": false,
          "cardDependencyFlag": false,
          "bestPromotion": true,
          "comparativePrice": {
            "pricePerUnit": 220,
            "unitQuantity": 100,
            "unitQuantityUom": "g",
            "measureDescription": "100g"
          }
        }
      ],
      "facets": [
        {
          "itemCode": "00020012",
          "itemDescription": "Non-GMO"
        }
      ],
      "categoryTrees": [
        {
          "level0": "Pantry",
          "level1": "Confectionery",
          "level2": "Chocolate Blocks"
        }
      ],
      "cateredFlag": false
    },
    {
      "productId": "5249650-EA-000",
      "brand": "Cadbury",
      "name": "Dairy Milk Chocolate Block",
      "displayName": "180g",
      "availability": [
        "IN_STORE",
        "ONLINE"
      ],
      "saleType": "UNITS",
      "restrictedFlag": false,
      "liquorFlag": false,
      "tobaccoFlag": false,
      "originRegulated": false,
      "singlePrice": {
        "price": 449,
        "comparativePrice": {
          "pricePerUnit": 249,
          "unitQuantity": 100,
          "unitQuantityUom": "g",
          "measureDescription": "100g"
        }
      },
      "facets": [
        {
          "itemCode": "00020012",
          "itemDescription": "Non-GMO"
        }
      ],
      "categoryTrees": [
        {
          "level0": "Pantry",
          "level1": "Confectionery",
          "level2": "Chocolate Blocks"
        },
        {
          "level0": "Featured",
          "level1": "Halloween",
          "level2": "Confectionery"
        }
      ],
      "cateredFlag": false
    },
    {
      "productId": "5096639-EA-000",
      "brand": "Toblerone",
      "name": "Milk Chocolate Bar",
      "displayName": "360g",
      "availability": [
        "IN_STORE",
        "ONLINE"
      ],
      "saleType": "UNITS",
      "restrictedFlag": false,
      "liquorFlag": false,
      "tobaccoFlag": false,
      "originRegulated": false,
      "singlePrice": {
        "price": 1399,
        "comparativePrice": {
          "pricePerUnit": 389,
          "unitQuantity": 100,
          "unitQuantityUom": "g",
          "measureDescription": "100g"
        }
      },
      "facets": [
        {
          "itemCode": "00020012",
          "itemDescription": "Non-GMO"
        }
      ],
      "categoryTrees": [
        {
          "level0": "Pantry",
          "level1": "Confectionery",
          "level2": "Novelty Bars & Singles"
        }
      ],
      "cateredFlag": false
    },
    {
      "productId": "5017527-EA-000",
      "brand": "Lindt",
      "name": "Lindor Assorted Chocolates Pouch",
      "displayName": "125g",
      "availability": [
        "IN_STORE",
        "ONLINE"
      ],
      "saleType": "UNITS",
      "restrictedFlag": false,
      "liquorFlag": false,
      "tobaccoFlag": false,
      "originRegulated": false,
      "singlePrice": {
        "price": 799,
        "comparativePrice": {
          "pricePerUnit": 639,
          "unitQuantity": 100,
          "unitQuantityUom": "g",
          "measureDescription": "100g"
        }
      },
      "categoryTrees": [
        {
          "level0": "Pantry",
          "level1": "Confectionery",
          "level2": "Boxed Chocolates"
        }
      ],
      "cateredFlag": false
    },
    {
      "productId": "5003409-EA-000",
      "brand": "Nestle",
      "name": "Milk Chocolate Scorched Almonds Box",
      "displayName": "240g",
      "availability": [
        "IN_STORE",
        "ONLINE"
      ],
      "saleType": "UNITS",
      "restrictedFlag": false,
      "liquorFlag": false,
      "tobaccoFlag": false,
      "originRegulated": false,
      "singlePrice": {
        "price": 689,
        "comparativePrice": {
          "pricePerUnit": 287,
          "unitQuantity": 100,
          "unitQuantityUom": "g",
          "measureDescription": "100g"
        }
      },
      "facets": [
        {
          "itemCode": "00020014",
          "itemDescription": "Vegetarian"
        }
      ],
      "categoryTrees": [
        {
          "level0": "Pantry",
          "level1": "Confectionery",
          "level2": "Boxed Chocolates"
        }
      ],
      "cateredFlag": false
    },
    {
      "productId": "5010719-EA-000",
      "brand": "Bluebird",
      "name": "Originals Salt & Vinegar Potato Chips",
      "displayName": "150g",
      "availability": [
        "IN_STORE",
        "ONLINE"
      ],
      "saleType": "UNITS",
      "restrictedFlag": false,
      "liquorFlag": false,
      "tobaccoFlag": false,
      "originRegulated": false,
      "singlePrice": {
        "price": 149,
        "promoId": "128944265",
        "comparativePrice": {
          "pricePerUnit": 99,
          "unitQuantity": 100,
          "unitQuantityUom": "g",
          "measureDescription": "100g"
        }
      },
      "promotions": [
        {
          "promoId": "128944265",
          "rewardValue": 149,
          "decal": "6000",
          "sapType": "BASE",
          "rewardType": "NEW_PRICE",
          "threshold": 1,
          "limit": 0,
          "multiProducts": false,
          "cardDependencyFlag": false,
          "bestPromotion": true,
          "comparativePrice": {
            "pricePerUnit": 99,
            "unitQuantity": 100,
            "unitQuantityUom": "g",
            "measureDescription": "100g"
          }
        }
      ],
      "facets": [
        {
          "itemCode": "00020014",
          "itemDescription": "Vegetarian"
        },
        {
          "itemCode": "00020012",
          "itemDescription": "Non-GMO"
        }
      ],
      "categoryTrees": [
        {
          "level0": "Pantry",
          "level1": "Snack Foods",
          "level2": "Potato Chips"
        }
      ],
      "cateredFlag": false
    },
    {
      "productId": "5010717-EA-000",
      "brand": "Bluebird",
      "name": "Originals Ready Salted Potato Chips",
      "displayName": "150g",
      "availability": [
        "IN_STORE",
        "ONLINE"
      ],
      "saleType": "UNITS",
      "restrictedFlag": false,
      "liquorFlag": false,
      "tobaccoFlag": false,
      "originRegulated": false,
      "marketingInitiatives": [
        {
          "themeCode": "0000",
          "initiativeCode": "AOV"
        },
        {
          "initiativeCode": "AOV"
        }
      ],
      "singlePrice": {
        "price": 149,
        "promoId": "128944265",
        "comparativePrice": {
          "pricePerUnit": 99,
          "unitQuantity": 100,
          "unitQuantityUom": "g",
          "measureDescription": "100g"
        }
      },
      "promotions": [
        {
          "promoId": "128944265",
          "rewardValue": 149,
          "decal": "6000",
          "sapType": "BASE",
          "rewardType": "NEW_PRICE",
          "threshold": 1,
          "limit": 0,
          "multiProducts": false,
          "cardDependencyFlag": false,
          "bestPromotion": true,
          "comparativePrice": {
            "pricePerUnit": 99,
            "unitQuantity": 100,
            "unitQuantityUom": "g",
            "measureDescription": "100g"
          }
        }
      ],
      "facets": [
        {
          "itemCode": "00020004",
          "itemDescription": "Gluten Free"
        },
        {
          "itemCode": "00020012",
          "itemDescription": "Non-GMO"
        },
        {
          "itemCode": "00020013",
          "itemDescription": "Vegan"
        }
      ],
      "categoryTrees": [
        {
          "level0": "Pantry",
          "level1": "Snack Foods",
          "level2": "Potato Chips"
        }
      ],
      "cateredFlag": false
    },
    {
      "productId": "5010716-EA-000",
      "brand": "Bluebird",
      "name": "Originals Chicken Potato Chips",
      "displayName": "150g",
      "availability": [
        "IN_STORE",
        "ONLINE"
      ],
      "saleType": "UNITS",
      "restrictedFlag": false,
      "liquorFlag": false,
      "tobaccoFlag": false,
      "originRegulated": false,
      "singlePrice": {
        "price": 149,
        "promoId": "128944265",
        "comparativePrice": {
          "pricePerUnit": 99,
          "unitQuantity": 100,
          "unitQuantityUom": "g",
          "measureDescription": "100g"
        }
      },
      "promotions": [
        {
          "promoId": "128944265",
          "rewardValue": 149,
          "decal": "6000",
          "sapType": "BASE",
          "rewardType": "NEW_PRICE",
          "threshold": 1,
          "limit": 0,
          "multiProducts": false,
          "cardDependencyFlag": false,
          "bestPromotion": true,
          "comparativePrice": {
            "pricePerUnit": 99,
            "unitQuantity": 100,
            "unitQuantityUom": "g",
            "measureDescription": "100g"
          }
        }
      ],
      "facets": [
        {
          "itemCode": "00020012",
          "itemDescription": "Non-GMO"
        }
      ],
      "categoryTrees": [
        {
          "level0": "Pantry",
          "level1": "Snack Foods",
          "level2": "Potato Chips"
        }
      ],
      "cateredFlag": false
    },
    {
      "productId": "5215070-EA-000",
      "brand": "Cadbury",
      "name": "Caramilk Chocolate Block",
      "displayName": "180g",
      "availability": [
        "IN_STORE",
        "ONLINE"
      ],
      "saleType": "UNITS",
      "restrictedFlag": false,
      "liquorFlag": false,
      "tobaccoFlag": false,
      "originRegulated": false,
      "singlePrice": {
        "price": 449,
        "comparativePrice": {
          "pricePerUnit": 249,
          "unitQuantity": 100,
          "unitQuantityUom": "g",
          "measureDescription": "100g"
        }
      },
      "facets": [
        {
          "itemCode": "00020012",
          "itemDescription": "Non-GMO"
        }
      ],
      "categoryTrees": [
        {
          "level0": "Pantry",
          "level1": "Confectionery",
          "level2": "Chocolate Blocks"
        },
        {
          "level0": "Featured",
          "level1": "Halloween",
          "level2": "Confectionery"
        }
      ],
      "cateredFlag": false
    },
    {
      "productId": "5005955-EA-000",
      "brand": "Pams",
      "name": "Diced Tomatoes In Juice",
      "displayName": "400g",
      "availability": [
        "IN_STORE",
        "ONLINE"
      ],
      "saleType": "UNITS",
      "restrictedFlag": false,
      "liquorFlag": false,
      "tobaccoFlag": false,
      "originRegulated": false,
      "singlePrice": {
        "price": 99,
        "promoId": "128778806",
        "comparativePrice": {
          "pricePerUnit": 248,
          "unitQuantity": 1,
          "unitQuantityUom": "kg",
          "measureDescription": "1kg"
        }
      },
      "promotions": [
        {
          "promoId": "128778806",
          "rewardValue": 99,
          "decal": "7000",
          "sapType": "BASE",
          "rewardType": "NEW_PRICE",
          "threshold": 1,
          "limit": 0,
          "multiProducts": false,
          "cardDependencyFlag": false,
          "bestPromotion": true,
          "comparativePrice": {
            "pricePerUnit": 248,
            "unitQuantity": 1,
            "unitQuantityUom": "kg",
            "measureDescription": "1kg"
          }
        }
      ],
      "facets": [
        {
          "itemCode": "00020013",
          "itemDescription": "Vegan"
        },
        {
          "itemCode": "00020007",
          "itemDescription": "Dairy Free"
        },
        {
          "itemCode": "00020012",
          "itemDescription": "Non-GMO"
        },
        {
          "itemCode": "00020009",
          "itemDescription": "Low Fat"
        },
        {
          "itemCode": "00020011",
          "itemDescription": "Low Sugar"
        },
        {
          "itemCode": "00020010",
          "itemDescription": "Low Salt"
        }
      ],
      "categoryTrees": [
        {
          "level0": "Pantry",
          "level1": "Canned & Prepared Foods",
          "level2": "Canned & Dried Vegetables"
        },
        {
          "level0": "Featured",
          "level1": "Pams",
          "level2": "Canned & Prepared Foods"
        }
      ],
      "cateredFlag": false
    },
    {
      "productId": "5034758-EA-000",
      "brand": "Bluebird",
      "name": "Thinly Cut Ready Salted Potato Chips",
      "displayName": "140g",
      "availability": [
        "IN_STORE",
        "ONLINE"
      ],
      "saleType": "UNITS",
      "restrictedFlag": false,
      "liquorFlag": false,
      "tobaccoFlag": false,
      "originRegulated": false,
      "singlePrice": {
        "price": 149,
        "promoId": "128944265",
        "comparativePrice": {
          "pricePerUnit": 106,
          "unitQuantity": 100,
          "unitQuantityUom": "g",
          "measureDescription": "100g"
        }
      },
      "promotions": [
        {
          "promoId": "128944265",
          "rewardValue": 149,
          "decal": "6000",
          "sapType": "BASE",
          "rewardType": "NEW_PRICE",
          "threshold": 1,
          "limit": 0,
          "multiProducts": false,
          "cardDependencyFlag": false,
          "bestPromotion": true,
          "comparativePrice": {
            "pricePerUnit": 106,
            "unitQuantity": 100,
            "unitQuantityUom": "g",
            "measureDescription": "100g"
          }
        }
      ],
      "facets": [
        {
          "itemCode": "00020012",
          "itemDescription": "Non-GMO"
        },
        {
          "itemCode": "00020013",
          "itemDescription": "Vegan"
        }
      ],
      "categoryTrees": [
        {
          "level0": "Pantry",
          "level1": "Snack Foods",
          "level2": "Potato Chips"
        }
      ],
      "cateredFlag": false
    },
    {
      "productId": "5003885-EA-000",
      "brand": "Pams",
      "name": "White Sugar",
      "displayName": "1.5kg",
      "availability": [
        "IN_STORE",
        "ONLINE"
      ],
      "saleType": "UNITS",
      "restrictedFlag": false,
      "liquorFlag": false,
      "tobaccoFlag": false,
      "originRegulated": false,
      "singlePrice": {
        "price": 299,
        "comparativePrice": {
          "pricePerUnit": 20,
          "unitQuantity": 100,
          "unitQuantityUom": "g",
          "measureDescription": "100g"
        }
      },
      "facets": [
        {
          "itemCode": "00020007",
          "itemDescription": "Dairy Free"
        },
        {
          "itemCode": "00020012",
          "itemDescription": "Non-GMO"
        }
      ],
      "categoryTrees": [
        {
          "level0": "Pantry",
          "level1": "Baking Supplies & Sugar",
          "level2": "Sugar"
        },
        {
          "level0": "Featured",
          "level1": "Pams",
          "level2": "Baking Supplies & Sugar"
        }
      ],
      "cateredFlag": false
    },
    {
      "productId": "5001970-EA-000",
      "brand": "Solo's Choice",
      "name": "Coconut Cream",
      "displayName": "400ml",
      "availability": [
        "IN_STORE",
        "ONLINE"
      ],
      "saleType": "UNITS",
      "restrictedFlag": false,
      "liquorFlag": false,
      "tobaccoFlag": false,
      "originRegulated": false,
      "singlePrice": {
        "price": 139,
        "comparativePrice": {
          "pricePerUnit": 35,
          "unitQuantity": 100,
          "unitQuantityUom": "ml",
          "measureDescription": "100ml"
        }
      },
      "categoryTrees": [
        {
          "level0": "Pantry",
          "level1": "Canned & Prepared Foods",
          "level2": "Coconut Cream & Milk"
        }
      ],
      "cateredFlag": false
    },
    {
      "productId": "5009951-EA-000",
      "brand": "Sealord",
      "name": "Lemon Pepper Flavour Tuna",
      "displayName": "95g",
      "availability": [
        "IN_STORE",
        "ONLINE"
      ],
      "saleType": "UNITS",
      "restrictedFlag": false,
      "liquorFlag": false,
      "tobaccoFlag": false,
      "originRegulated": false,
      "singlePrice": {
        "price": 239,
        "comparativePrice": {
          "pricePerUnit": 2516,
          "unitQuantity": 1,
          "unitQuantityUom": "kg",
          "measureDescription": "1kg"
        }
      },
      "facets": [
        {
          "itemCode": "00020012",
          "itemDescription": "Non-GMO"
        }
      ],
      "categoryTrees": [
        {
          "level0": "Pantry",
          "level1": "Canned & Prepared Foods",
          "level2": "Canned Fish"
        }
      ],
      "cateredFlag": false
    },
    {
      "productId": "5004590-EA-000",
      "brand": "Best Foods",
      "name": "Real Mayonnaise",
      "displayName": "405g",
      "availability": [
        "IN_STORE",
        "ONLINE"
      ],
      "saleType": "UNITS",
      "restrictedFlag": false,
      "liquorFlag": false,
      "tobaccoFlag": false,
      "originRegulated": false,
      "marketingInitiatives": [
        {
          "initiativeCode": "AOV"
        }
      ],
      "singlePrice": {
        "price": 549,
        "comparativePrice": {
          "pricePerUnit": 136,
          "unitQuantity": 100,
          "unitQuantityUom": "g",
          "measureDescription": "100g"
        }
      },
      "promotions": [
        {
          "promoId": "129018603",
          "rewardValue": 399,
          "decal": "6000",
          "sapType": "LAYERED",
          "rewardType": "NEW_PRICE",
          "threshold": 1,
          "limit": 2,
          "multiProducts": false,
          "description": "Limit 2",
          "cardDependencyFlag": false,
          "bestPromotion": true,
          "comparativePrice": {
            "pricePerUnit": 99,
            "unitQuantity": 100,
            "unitQuantityUom": "g",
            "measureDescription": "100g"
          }
        }
      ],
      "facets": [
        {
          "itemCode": "00020006",
          "itemDescription": "Cage Free"
        },
        {
          "itemCode": "00020012",
          "itemDescription": "Non-GMO"
        }
      ],
      "categoryTrees": [
        {
          "level0": "Pantry",
          "level1": "Condiments & Dressings",
          "level2": "Mayonnaise"
        }
      ],
      "cateredFlag": false
    },
    {
      "productId": "5009952-EA-000",
      "brand": "Sealord",
      "name": "Smoked Flavour Tuna",
      "displayName": "95g",
      "availability": [
        "IN_STORE",
        "ONLINE"
      ],
      "saleType": "UNITS",
      "restrictedFlag": false,
      "liquorFlag": false,
      "tobaccoFlag": false,
      "originRegulated": false,
      "singlePrice": {
        "price": 239,
        "comparativePrice": {
          "pricePerUnit": 2516,
          "unitQuantity": 1,
          "unitQuantityUom": "kg",
          "measureDescription": "1kg"
        }
      },
      "facets": [
        {
          "itemCode": "00020012",
          "itemDescription": "Non-GMO"
        }
      ],
      "categoryTrees": [
        {
          "level0": "Pantry",
          "level1": "Canned & Prepared Foods",
          "level2": "Canned Fish"
        }
      ],
      "cateredFlag": false
    },
    {
      "productId": "5002082-EA-000",
      "brand": "Wattie's",
      "name": "Spaghetti In Tomato Sauce",
      "displayName": "420g",
      "availability": [
        "IN_STORE",
        "ONLINE"
      ],
      "saleType": "UNITS",
      "restrictedFlag": false,
      "liquorFlag": false,
      "tobaccoFlag": false,
      "originRegulated": false,
      "singlePrice": {
        "price": 129,
        "promoId": "129018611",
        "comparativePrice": {
          "pricePerUnit": 31,
          "unitQuantity": 100,
          "unitQuantityUom": "g",
          "measureDescription": "100g"
        }
      },
      "promotions": [
        {
          "promoId": "129018611",
          "rewardValue": 129,
          "decal": "6000",
          "sapType": "BASE",
          "rewardType": "NEW_PRICE",
          "threshold": 1,
          "limit": 0,
          "multiProducts": false,
          "cardDependencyFlag": false,
          "bestPromotion": true,
          "comparativePrice": {
            "pricePerUnit": 31,
            "unitQuantity": 100,
            "unitQuantityUom": "g",
            "measureDescription": "100g"
          }
        }
      ],
      "facets": [
        {
          "itemCode": "00020009",
          "itemDescription": "Low Fat"
        },
        {
          "itemCode": "00020012",
          "itemDescription": "Non-GMO"
        }
      ],
      "categoryTrees": [
        {
          "level0": "Pantry",
          "level1": "Canned & Prepared Foods",
          "level2": "Baked Beans & Spaghetti"
        }
      ],
      "cateredFlag": false
    },
    {
      "productId": "5003829-EA-000",
      "brand": "Pams",
      "name": "Pure Plain Flour",
      "displayName": "1.5kg",
      "availability": [
        "IN_STORE",
        "ONLINE"
      ],
      "saleType": "UNITS",
      "restrictedFlag": false,
      "liquorFlag": false,
      "tobaccoFlag": false,
      "originRegulated": false,
      "singlePrice": {
        "price": 189,
        "promoId": "128758449",
        "comparativePrice": {
          "pricePerUnit": 13,
          "unitQuantity": 100,
          "unitQuantityUom": "g",
          "measureDescription": "100g"
        }
      },
      "promotions": [
        {
          "promoId": "128758449",
          "rewardValue": 189,
          "decal": "7000",
          "sapType": "BASE",
          "rewardType": "NEW_PRICE",
          "threshold": 1,
          "limit": 0,
          "multiProducts": false,
          "cardDependencyFlag": false,
          "bestPromotion": true,
          "comparativePrice": {
            "pricePerUnit": 13,
            "unitQuantity": 100,
            "unitQuantityUom": "g",
            "measureDescription": "100g"
          }
        }
      ],
      "facets": [
        {
          "itemCode": "00020007",
          "itemDescription": "Dairy Free"
        },
        {
          "itemCode": "00020012",
          "itemDescription": "Non-GMO"
        }
      ],
      "categoryTrees": [
        {
          "level0": "Pantry",
          "level1": "Baking Supplies & Sugar",
          "level2": "Flour"
        },
        {
          "level0": "Featured",
          "level1": "Pams",
          "level2": "Baking Supplies & Sugar"
        }
      ],
      "cateredFlag": false
    },
    {
      "productId": "5324610-EA-000",
      "brand": "Lindt",
      "name": "Lindor 75th Heritage Chocolate Assortment Gift Box",
      "displayName": "234g",
      "availability": [
        "IN_STORE",
        "ONLINE"
      ],
      "saleType": "UNITS",
      "restrictedFlag": false,
      "liquorFlag": false,
      "tobaccoFlag": false,
      "originRegulated": false,
      "singlePrice": {
        "price": 2399,
        "comparativePrice": {
          "pricePerUnit": 1025,
          "unitQuantity": 100,
          "unitQuantityUom": "g",
          "measureDescription": "100g"
        }
      },
      "categoryTrees": [
        {
          "level0": "Pantry",
          "level1": "Confectionery",
          "level2": "Boxed Chocolates"
        }
      ],
      "cateredFlag": false
    },
    {
      "productId": "5012874-EA-000",
      "brand": "Special Blend",
      "name": "Granulated Instant Coffee",
      "displayName": "90g",
      "availability": [
        "IN_STORE",
        "ONLINE"
      ],
      "saleType": "UNITS",
      "restrictedFlag": false,
      "liquorFlag": false,
      "tobaccoFlag": false,
      "originRegulated": false,
      "singlePrice": {
        "price": 249,
        "comparativePrice": {
          "pricePerUnit": 277,
          "unitQuantity": 100,
          "unitQuantityUom": "g",
          "measureDescription": "100g"
        }
      },
      "facets": [
        {
          "itemCode": "00020012",
          "itemDescription": "Non-GMO"
        }
      ],
      "categoryTrees": [
        {
          "level0": "Pantry",
          "level1": "Hot Drinks",
          "level2": "Instant Coffees"
        },
        {
          "level0": "Drinks",
          "level1": "Hot Drinks",
          "level2": "Instant Coffees"
        }
      ],
      "cateredFlag": false
    },
    {
      "productId": "5034760-EA-000",
      "brand": "Bluebird",
      "name": "Thinly Cut Sour Cream & Chives Potato Chips",
      "displayName": "140g",
      "availability": [
        "IN_STORE",
        "ONLINE"
      ],
      "saleType": "UNITS",
      "restrictedFlag": false,
      "liquorFlag": false,
      "tobaccoFlag": false,
      "originRegulated": false,
      "singlePrice": {
        "price": 149,
        "promoId": "128944265",
        "comparativePrice": {
          "pricePerUnit": 106,
          "unitQuantity": 100,
          "unitQuantityUom": "g",
          "measureDescription": "100g"
        }
      },
      "promotions": [
        {
          "promoId": "128944265",
          "rewardValue": 149,
          "decal": "6000",
          "sapType": "BASE",
          "rewardType": "NEW_PRICE",
          "threshold": 1,
          "limit": 0,
          "multiProducts": false,
          "cardDependencyFlag": false,
          "bestPromotion": true,
          "comparativePrice": {
            "pricePerUnit": 106,
            "unitQuantity": 100,
            "unitQuantityUom": "g",
            "measureDescription": "100g"
          }
        }
      ],
      "facets": [
        {
          "itemCode": "00020012",
          "itemDescription": "Non-GMO"
        },
        {
          "itemCode": "00020014",
          "itemDescription": "Vegetarian"
        }
      ],
      "categoryTrees": [
        {
          "level0": "Pantry",
          "level1": "Snack Foods",
          "level2": "Potato Chips"
        }
      ],
      "cateredFlag": false
    },
    {
      "productId": "5009708-EA-000",
      "brand": "Maggi",
      "name": "Onion Soup Mix",
      "displayName": "32g",
      "availability": [
        "IN_STORE",
        "ONLINE"
      ],
      "saleType": "UNITS",
      "restrictedFlag": false,
      "liquorFlag": false,
      "tobaccoFlag": false,
      "originRegulated": false,
      "singlePrice": {
        "price": 139,
        "comparativePrice": {
          "pricePerUnit": 434,
          "unitQuantity": 100,
          "unitQuantityUom": "g",
          "measureDescription": "100g"
        }
      },
      "facets": [
        {
          "itemCode": "00020014",
          "itemDescription": "Vegetarian"
        }
      ],
      "categoryTrees": [
        {
          "level0": "Pantry",
          "level1": "Canned & Prepared Foods",
          "level2": "Packet Soup"
        },
        {
          "level0": "Meal Spot",
          "level1": "Ready to Heat",
          "level2": "Packet Soup"
        }
      ],
      "cateredFlag": false
    },
    {
      "productId": "5088910-EA-000",
      "brand": "Oreo",
      "name": "Original Cookies",
      "displayName": "128g",
      "availability": [
        "IN_STORE",
        "ONLINE"
      ],
      "saleType": "UNITS",
      "restrictedFlag": false,
      "liquorFlag": false,
      "tobaccoFlag": false,
      "originRegulated": false,
      "singlePrice": {
        "price": 149,
        "comparativePrice": {
          "pricePerUnit": 116,
          "unitQuantity": 100,
          "unitQuantityUom": "g",
          "measureDescription": "100g"
        }
      },
      "facets": [
        {
          "itemCode": "00020012",
          "itemDescription": "Non-GMO"
        }
      ],
      "categoryTrees": [
        {
          "level0": "Pantry",
          "level1": "Biscuits & Crackers",
          "level2": "Crème & Jam Biscuits"
        },
        {
          "level0": "Featured",
          "level1": "Halloween",
          "level2": "Biscuits & Crackers"
        }
      ],
      "cateredFlag": false
    },
    {
      "productId": "5016928-EA-000",
      "brand": "Sealord",
      "name": "Sweet Thai Chilli Tuna",
      "displayName": "95g",
      "availability": [
        "IN_STORE",
        "ONLINE"
      ],
      "saleType": "UNITS",
      "restrictedFlag": false,
      "liquorFlag": false,
      "tobaccoFlag": false,
      "originRegulated": false,
      "singlePrice": {
        "price": 239,
        "comparativePrice": {
          "pricePerUnit": 2516,
          "unitQuantity": 1,
          "unitQuantityUom": "kg",
          "measureDescription": "1kg"
        }
      },
      "facets": [
        {
          "itemCode": "00020012",
          "itemDescription": "Non-GMO"
        }
      ],
      "categoryTrees": [
        {
          "level0": "Pantry",
          "level1": "Canned & Prepared Foods",
          "level2": "Canned Fish"
        }
      ],
      "cateredFlag": false
    },
    {
      "productId": "5001949-EA-000",
      "brand": "Wattie's",
      "name": "Baked Beans In Tomato Sauce",
      "displayName": "420g",
      "availability": [
        "IN_STORE",
        "ONLINE"
      ],
      "saleType": "UNITS",
      "restrictedFlag": false,
      "liquorFlag": false,
      "tobaccoFlag": false,
      "originRegulated": false,
      "singlePrice": {
        "price": 129,
        "promoId": "129018611",
        "comparativePrice": {
          "pricePerUnit": 31,
          "unitQuantity": 100,
          "unitQuantityUom": "g",
          "measureDescription": "100g"
        }
      },
      "promotions": [
        {
          "promoId": "129018611",
          "rewardValue": 129,
          "decal": "6000",
          "sapType": "BASE",
          "rewardType": "NEW_PRICE",
          "threshold": 1,
          "limit": 0,
          "multiProducts": false,
          "cardDependencyFlag": false,
          "bestPromotion": true,
          "comparativePrice": {
            "pricePerUnit": 31,
            "unitQuantity": 100,
            "unitQuantityUom": "g",
            "measureDescription": "100g"
          }
        }
      ],
      "facets": [
        {
          "itemCode": "00020009",
          "itemDescription": "Low Fat"
        },
        {
          "itemCode": "00020012",
          "itemDescription": "Non-GMO"
        }
      ],
      "categoryTrees": [
        {
          "level0": "Pantry",
          "level1": "Canned & Prepared Foods",
          "level2": "Baked Beans & Spaghetti"
        }
      ],
      "cateredFlag": false
    },
    {
      "productId": "5010068-EA-000",
      "brand": "Special Blend",
      "name": "Instant Coffee",
      "displayName": "90g",
      "availability": [
        "IN_STORE",
        "ONLINE"
      ],
      "saleType": "UNITS",
      "restrictedFlag": false,
      "liquorFlag": false,
      "tobaccoFlag": false,
      "originRegulated": false,
      "singlePrice": {
        "price": 249,
        "comparativePrice": {
          "pricePerUnit": 277,
          "unitQuantity": 100,
          "unitQuantityUom": "g",
          "measureDescription": "100g"
        }
      },
      "facets": [
        {
          "itemCode": "00020012",
          "itemDescription": "Non-GMO"
        }
      ],
      "categoryTrees": [
        {
          "level0": "Pantry",
          "level1": "Hot Drinks",
          "level2": "Instant Coffees"
        },
        {
          "level0": "Drinks",
          "level1": "Hot Drinks",
          "level2": "Instant Coffees"
        }
      ],
      "cateredFlag": false
    },
    {
      "productId": "5034757-EA-000",
      "brand": "Bluebird",
      "name": "Thinly Cut Chicken Potato Chips",
      "displayName": "140g",
      "availability": [
        "IN_STORE",
        "ONLINE"
      ],
      "saleType": "UNITS",
      "restrictedFlag": false,
      "liquorFlag": false,
      "tobaccoFlag": false,
      "originRegulated": false,
      "singlePrice": {
        "price": 149,
        "promoId": "128944265",
        "comparativePrice": {
          "pricePerUnit": 106,
          "unitQuantity": 100,
          "unitQuantityUom": "g",
          "measureDescription": "100g"
        }
      },
      "promotions": [
        {
          "promoId": "128944265",
          "rewardValue": 149,
          "decal": "6000",
          "sapType": "BASE",
          "rewardType": "NEW_PRICE",
          "threshold": 1,
          "limit": 0,
          "multiProducts": false,
          "cardDependencyFlag": false,
          "bestPromotion": true,
          "comparativePrice": {
            "pricePerUnit": 106,
            "unitQuantity": 100,
            "unitQuantityUom": "g",
            "measureDescription": "100g"
          }
        }
      ],
      "facets": [
        {
          "itemCode": "00020012",
          "itemDescription": "Non-GMO"
        }
      ],
      "categoryTrees": [
        {
          "level0": "Pantry",
          "level1": "Snack Foods",
          "level2": "Potato Chips"
        }
      ],
      "cateredFlag": false
    },
    {
      "productId": "5019940-EA-000",
      "brand": "Sealord",
      "name": "Chunky Style Tuna In Spring Water",
      "displayName": "95g",
      "availability": [
        "IN_STORE",
        "ONLINE"
      ],
      "saleType": "UNITS",
      "restrictedFlag": false,
      "liquorFlag": false,
      "tobaccoFlag": false,
      "originRegulated": false,
      "singlePrice": {
        "price": 239,
        "comparativePrice": {
          "pricePerUnit": 2516,
          "unitQuantity": 1,
          "unitQuantityUom": "kg",
          "measureDescription": "1kg"
        }
      },
      "facets": [
        {
          "itemCode": "00020012",
          "itemDescription": "Non-GMO"
        }
      ],
      "categoryTrees": [
        {
          "level0": "Pantry",
          "level1": "Canned & Prepared Foods",
          "level2": "Canned Fish"
        }
      ],
      "cateredFlag": false
    },
    {
      "productId": "5032122-EA-000",
      "brand": "Sealord",
      "name": "Olive Oil Tuna",
      "displayName": "95g",
      "availability": [
        "IN_STORE",
        "ONLINE"
      ],
      "saleType": "UNITS",
      "restrictedFlag": false,
      "liquorFlag": false,
      "tobaccoFlag": false,
      "originRegulated": false,
      "singlePrice": {
        "price": 239,
        "comparativePrice": {
          "pricePerUnit": 2516,
          "unitQuantity": 1,
          "unitQuantityUom": "kg",
          "measureDescription": "1kg"
        }
      },
      "facets": [
        {
          "itemCode": "00020012",
          "itemDescription": "Non-GMO"
        }
      ],
      "categoryTrees": [
        {
          "level0": "Pantry",
          "level1": "Canned & Prepared Foods",
          "level2": "Canned Fish"
        }
      ],
      "cateredFlag": false
    },
    {
      "productId": "5035008-EA-000",
      "brand": "Sanitarium Weet-Bix",
      "name": "Breakfast Cereal",
      "displayName": "1.2kg",
      "availability": [
        "IN_STORE",
        "ONLINE"
      ],
      "saleType": "UNITS",
      "restrictedFlag": false,
      "liquorFlag": false,
      "tobaccoFlag": false,
      "originRegulated": false,
      "singlePrice": {
        "price": 699,
        "comparativePrice": {
          "pricePerUnit": 58,
          "unitQuantity": 100,
          "unitQuantityUom": "g",
          "measureDescription": "100g"
        }
      },
      "facets": [
        {
          "itemCode": "00020012",
          "itemDescription": "Non-GMO"
        },
        {
          "itemCode": "00020011",
          "itemDescription": "Low Sugar"
        }
      ],
      "categoryTrees": [
        {
          "level0": "Pantry",
          "level1": "Breakfast Cereals",
          "level2": "Cold Cereals"
        }
      ],
      "cateredFlag": false
    },
    {
      "productId": "5001343-EA-000",
      "brand": "Pacific Crown",
      "name": "Mackerel In Oil Fish",
      "displayName": "425g",
      "availability": [
        "IN_STORE",
        "ONLINE"
      ],
      "saleType": "UNITS",
      "restrictedFlag": false,
      "liquorFlag": false,
      "tobaccoFlag": false,
      "originRegulated": false,
      "singlePrice": {
        "price": 189,
        "promoId": "128929972",
        "comparativePrice": {
          "pricePerUnit": 445,
          "unitQuantity": 1,
          "unitQuantityUom": "kg",
          "measureDescription": "1kg"
        }
      },
      "promotions": [
        {
          "promoId": "128923489",
          "rewardValue": 500,
          "decal": "6000",
          "sapType": "LAYERED",
          "rewardType": "NEW_PRICE",
          "threshold": 3,
          "multiProducts": true,
          "cardDependencyFlag": false,
          "bestPromotion": true,
          "comparativePrice": {
            "pricePerUnit": 393,
            "unitQuantity": 1,
            "unitQuantityUom": "kg",
            "measureDescription": "1kg"
          }
        }
      ],
      "categoryTrees": [
        {
          "level0": "Pantry",
          "level1": "Canned & Prepared Foods",
          "level2": "Canned Fish"
        }
      ],
      "cateredFlag": false
    },
    {
      "productId": "5002738-EA-000",
      "brand": "Nestle",
      "name": "Reduced Cream Can",
      "displayName": "230ml",
      "availability": [
        "IN_STORE",
        "ONLINE"
      ],
      "saleType": "UNITS",
      "restrictedFlag": false,
      "liquorFlag": false,
      "tobaccoFlag": false,
      "originRegulated": false,
      "singlePrice": {
        "price": 359,
        "comparativePrice": {
          "pricePerUnit": 156,
          "unitQuantity": 100,
          "unitQuantityUom": "ml",
          "measureDescription": "100ml"
        }
      },
      "facets": [
        {
          "itemCode": "00020014",
          "itemDescription": "Vegetarian"
        }
      ],
      "categoryTrees": [
        {
          "level0": "Pantry",
          "level1": "Canned & Prepared Foods",
          "level2": "Canned Milk & Cream"
        }
      ],
      "cateredFlag": false
    },
    {
      "productId": "5270622-EA-000",
      "brand": "Cadbury",
      "name": "Kiwi Favourites Chocolates",
      "displayName": "520g",
      "availability": [
        "IN_STORE",
        "ONLINE"
      ],
      "saleType": "UNITS",
      "restrictedFlag": false,
      "liquorFlag": false,
      "tobaccoFlag": false,
      "originRegulated": false,
      "singlePrice": {
        "price": 979,
        "promoId": "128944281",
        "comparativePrice": {
          "pricePerUnit": 188,
          "unitQuantity": 100,
          "unitQuantityUom": "g",
          "measureDescription": "100g"
        }
      },
      "promotions": [
        {
          "promoId": "128944281",
          "rewardValue": 979,
          "decal": "6000",
          "sapType": "BASE",
          "rewardType": "NEW_PRICE",
          "threshold": 1,
          "limit": 0,
          "multiProducts": false,
          "cardDependencyFlag": false,
          "bestPromotion": true,
          "comparativePrice": {
            "pricePerUnit": 188,
            "unitQuantity": 100,
            "unitQuantityUom": "g",
            "measureDescription": "100g"
          }
        }
      ],
      "facets": [
        {
          "itemCode": "00020012",
          "itemDescription": "Non-GMO"
        }
      ],
      "categoryTrees": [
        {
          "level0": "Pantry",
          "level1": "Confectionery",
          "level2": "Boxed Chocolates"
        }
      ],
      "cateredFlag": false
    },
    {
      "productId": "5011024-EA-000",
      "brand": "Arnott's Shapes",
      "name": "Originals Chicken Crimpy Crackers",
      "displayName": "175g",
      "availability": [
        "IN_STORE",
        "ONLINE"
      ],
      "saleType": "UNITS",
      "restrictedFlag": false,
      "liquorFlag": false,
      "tobaccoFlag": false,
      "originRegulated": false,
      "singlePrice": {
        "price": 319,
        "comparativePrice": {
          "pricePerUnit": 182,
          "unitQuantity": 100,
          "unitQuantityUom": "g",
          "measureDescription": "100g"
        }
      },
      "facets": [
        {
          "itemCode": "00020012",
          "itemDescription": "Non-GMO"
        }
      ],
      "categoryTrees": [
        {
          "level0": "Pantry",
          "level1": "Biscuits & Crackers",
          "level2": "Crackers"
        }
      ],
      "cateredFlag": false
    },
    {
      "productId": "5002077-EA-000",
      "brand": "Oak",
      "name": "Spaghetti In Tomato Sauce",
      "displayName": "420g",
      "availability": [
        "IN_STORE",
        "ONLINE"
      ],
      "saleType": "UNITS",
      "restrictedFlag": false,
      "liquorFlag": false,
      "tobaccoFlag": false,
      "originRegulated": false,
      "singlePrice": {
        "price": 139,
        "comparativePrice": {
          "pricePerUnit": 33,
          "unitQuantity": 100,
          "unitQuantityUom": "g",
          "measureDescription": "100g"
        }
      },
      "facets": [
        {
          "itemCode": "00020012",
          "itemDescription": "Non-GMO"
        }
      ],
      "categoryTrees": [
        {
          "level0": "Pantry",
          "level1": "Canned & Prepared Foods",
          "level2": "Baked Beans & Spaghetti"
        }
      ],
      "cateredFlag": false
    },
    {
      "productId": "5002634-EA-000",
      "brand": "Diamond",
      "name": "Spaghetti Pasta",
      "displayName": "500g",
      "availability": [
        "IN_STORE",
        "ONLINE"
      ],
      "saleType": "UNITS",
      "restrictedFlag": false,
      "liquorFlag": false,
      "tobaccoFlag": false,
      "originRegulated": false,
      "marketingInitiatives": [
        {
          "initiativeCode": "AOV"
        }
      ],
      "singlePrice": {
        "price": 239,
        "promoId": "128959830",
        "comparativePrice": {
          "pricePerUnit": 48,
          "unitQuantity": 100,
          "unitQuantityUom": "g",
          "measureDescription": "100g"
        }
      },
      "promotions": [
        {
          "promoId": "128959830",
          "rewardValue": 239,
          "decal": "6000",
          "sapType": "BASE",
          "rewardType": "NEW_PRICE",
          "threshold": 1,
          "limit": 0,
          "multiProducts": false,
          "cardDependencyFlag": false,
          "bestPromotion": true,
          "comparativePrice": {
            "pricePerUnit": 48,
            "unitQuantity": 100,
            "unitQuantityUom": "g",
            "measureDescription": "100g"
          }
        }
      ],
      "categoryTrees": [
        {
          "level0": "Pantry",
          "level1": "Pasta, Rice & Noodles",
          "level2": "Dried Pastas"
        }
      ],
      "cateredFlag": false
    },
    {
      "productId": "5026740-EA-000",
      "brand": "Indomie",
      "name": "Mi Goreng Barbeque Chicken Noodles",
      "displayName": "10 x 85g",
      "availability": [
        "IN_STORE",
        "ONLINE"
      ],
      "saleType": "UNITS",
      "restrictedFlag": false,
      "liquorFlag": false,
      "tobaccoFlag": false,
      "originRegulated": false,
      "singlePrice": {
        "price": 829,
        "comparativePrice": {
          "pricePerUnit": 98,
          "unitQuantity": 100,
          "unitQuantityUom": "g",
          "measureDescription": "100g"
        }
      },
      "categoryTrees": [
        {
          "level0": "Pantry",
          "level1": "Pasta, Rice & Noodles",
          "level2": "Noodle Meals"
        },
        {
          "level0": "Meal Spot",
          "level1": "Ready to Cook",
          "level2": "Noodle Meals"
        }
      ],
      "cateredFlag": false
    },
    {
      "productId": "5002577-EA-000",
      "brand": "Wattie's",
      "name": "Tomato Sauce",
      "displayName": "575g",
      "availability": [
        "IN_STORE",
        "ONLINE"
      ],
      "saleType": "UNITS",
      "restrictedFlag": false,
      "liquorFlag": false,
      "tobaccoFlag": false,
      "originRegulated": false,
      "singlePrice": {
        "price": 289,
        "comparativePrice": {
          "pricePerUnit": 50,
          "unitQuantity": 100,
          "unitQuantityUom": "g",
          "measureDescription": "100g"
        }
      },
      "facets": [
        {
          "itemCode": "00020012",
          "itemDescription": "Non-GMO"
        }
      ],
      "categoryTrees": [
        {
          "level0": "Pantry",
          "level1": "Sauces, Stock & Marinades",
          "level2": "Tomato Sauces"
        }
      ],
      "cateredFlag": false
    },
    {
      "productId": "5002021-EA-000",
      "brand": "Chupa Chups",
      "name": "Original Lollypop",
      "displayName": "12g",
      "availability": [
        "IN_STORE",
        "ONLINE"
      ],
      "saleType": "UNITS",
      "restrictedFlag": false,
      "liquorFlag": false,
      "tobaccoFlag": false,
      "originRegulated": false,
      "singlePrice": {
        "price": 55,
        "comparativePrice": {
          "pricePerUnit": 458,
          "unitQuantity": 100,
          "unitQuantityUom": "g",
          "measureDescription": "100g"
        }
      },
      "categoryTrees": [
        {
          "level0": "Pantry",
          "level1": "Confectionery",
          "level2": "Novelty Bars & Singles"
        }
      ],
      "cateredFlag": false
    },
    {
      "productId": "5009950-EA-000",
      "brand": "Sealord",
      "name": "Tomato & Basil Tuna",
      "displayName": "95g",
      "availability": [
        "IN_STORE",
        "ONLINE"
      ],
      "saleType": "UNITS",
      "restrictedFlag": false,
      "liquorFlag": false,
      "tobaccoFlag": false,
      "originRegulated": false,
      "singlePrice": {
        "price": 239,
        "comparativePrice": {
          "pricePerUnit": 2516,
          "unitQuantity": 1,
          "unitQuantityUom": "kg",
          "measureDescription": "1kg"
        }
      },
      "facets": [
        {
          "itemCode": "00020012",
          "itemDescription": "Non-GMO"
        }
      ],
      "categoryTrees": [
        {
          "level0": "Pantry",
          "level1": "Canned & Prepared Foods",
          "level2": "Canned Fish"
        }
      ],
      "cateredFlag": false
    },
    {
      "productId": "5002644-EA-000",
      "brand": "SunRice",
      "name": "Australian Medium Grain Rice",
      "displayName": "1kg",
      "availability": [
        "IN_STORE",
        "ONLINE"
      ],
      "saleType": "UNITS",
      "restrictedFlag": false,
      "liquorFlag": false,
      "tobaccoFlag": false,
      "originRegulated": false,
      "singlePrice": {
        "price": 299,
        "comparativePrice": {
          "pricePerUnit": 30,
          "unitQuantity": 100,
          "unitQuantityUom": "g",
          "measureDescription": "100g"
        }
      },
      "facets": [
        {
          "itemCode": "00020012",
          "itemDescription": "Non-GMO"
        },
        {
          "itemCode": "00020004",
          "itemDescription": "Gluten Free"
        }
      ],
      "categoryTrees": [
        {
          "level0": "Pantry",
          "level1": "Pasta, Rice & Noodles",
          "level2": "Short & Medium Grain Rices"
        }
      ],
      "cateredFlag": false
    },
    {
      "productId": "5092409-EA-000",
      "brand": "Value",
      "name": "White Long Grain Rice",
      "displayName": "1kg",
      "availability": [
        "IN_STORE",
        "ONLINE"
      ],
      "saleType": "UNITS",
      "restrictedFlag": false,
      "liquorFlag": false,
      "tobaccoFlag": false,
      "originRegulated": false,
      "singlePrice": {
        "price": 239,
        "comparativePrice": {
          "pricePerUnit": 24,
          "unitQuantity": 100,
          "unitQuantityUom": "g",
          "measureDescription": "100g"
        }
      },
      "facets": [
        {
          "itemCode": "00020012",
          "itemDescription": "Non-GMO"
        },
        {
          "itemCode": "00020007",
          "itemDescription": "Dairy Free"
        }
      ],
      "categoryTrees": [
        {
          "level0": "Pantry",
          "level1": "Pasta, Rice & Noodles",
          "level2": "Long Grain Rices"
        }
      ],
      "cateredFlag": false
    },
    {
      "productId": "5015656-EA-000",
      "brand": "Doritos",
      "name": "Cheese Supreme Corn Chips Party Bag Share Pack",
      "displayName": "300g",
      "availability": [
        "IN_STORE",
        "ONLINE"
      ],
      "saleType": "UNITS",
      "restrictedFlag": false,
      "liquorFlag": false,
      "tobaccoFlag": false,
      "originRegulated": false,
      "singlePrice": {
        "price": 379,
        "comparativePrice": {
          "pricePerUnit": 126,
          "unitQuantity": 100,
          "unitQuantityUom": "g",
          "measureDescription": "100g"
        }
      },
      "facets": [
        {
          "itemCode": "00020012",
          "itemDescription": "Non-GMO"
        }
      ],
      "categoryTrees": [
        {
          "level0": "Pantry",
          "level1": "Snack Foods",
          "level2": "Corn Chips"
        }
      ],
      "cateredFlag": false
    },
    {
      "productId": "5034759-EA-000",
      "brand": "Bluebird",
      "name": "Thinly Cut Salt & Vinegar Potato Chips",
      "displayName": "140g",
      "availability": [
        "IN_STORE",
        "ONLINE"
      ],
      "saleType": "UNITS",
      "restrictedFlag": false,
      "liquorFlag": false,
      "tobaccoFlag": false,
      "originRegulated": false,
      "singlePrice": {
        "price": 149,
        "promoId": "128944265",
        "comparativePrice": {
          "pricePerUnit": 106,
          "unitQuantity": 100,
          "unitQuantityUom": "g",
          "measureDescription": "100g"
        }
      },
      "promotions": [
        {
          "promoId": "128944265",
          "rewardValue": 149,
          "decal": "6000",
          "sapType": "BASE",
          "rewardType": "NEW_PRICE",
          "threshold": 1,
          "limit": 0,
          "multiProducts": false,
          "cardDependencyFlag": false,
          "bestPromotion": true,
          "comparativePrice": {
            "pricePerUnit": 106,
            "unitQuantity": 100,
            "unitQuantityUom": "g",
            "measureDescription": "100g"
          }
        }
      ],
      "facets": [
        {
          "itemCode": "00020014",
          "itemDescription": "Vegetarian"
        },
        {
          "itemCode": "00020012",
          "itemDescription": "Non-GMO"
        }
      ],
      "categoryTrees": [
        {
          "level0": "Pantry",
          "level1": "Snack Foods",
          "level2": "Potato Chips"
        }
      ],
      "cateredFlag": false
    },
    {
      "productId": "5013434-EA-000",
      "brand": "Kara",
      "name": "Coconut Cream",
      "displayName": "400ml",
      "availability": [
        "IN_STORE",
        "ONLINE"
      ],
      "saleType": "UNITS",
      "restrictedFlag": false,
      "liquorFlag": false,
      "tobaccoFlag": false,
      "originRegulated": false,
      "singlePrice": {
        "price": 319,
        "promoId": "128789113",
        "comparativePrice": {
          "pricePerUnit": 80,
          "unitQuantity": 100,
          "unitQuantityUom": "ml",
          "measureDescription": "100ml"
        }
      },
      "promotions": [
        {
          "promoId": "128789113",
          "rewardValue": 319,
          "decal": "7000",
          "sapType": "BASE",
          "rewardType": "NEW_PRICE",
          "threshold": 1,
          "limit": 0,
          "multiProducts": false,
          "cardDependencyFlag": false,
          "bestPromotion": true,
          "comparativePrice": {
            "pricePerUnit": 80,
            "unitQuantity": 100,
            "unitQuantityUom": "ml",
            "measureDescription": "100ml"
          }
        }
      ],
      "facets": [
        {
          "itemCode": "00020012",
          "itemDescription": "Non-GMO"
        }
      ],
      "categoryTrees": [
        {
          "level0": "Pantry",
          "level1": "Canned & Prepared Foods",
          "level2": "Coconut Cream & Milk"
        }
      ],
      "cateredFlag": false
    },
    {
      "productId": "5010439-EA-000",
      "brand": "Griffin's",
      "name": "Snax Original Crackers",
      "displayName": "250g",
      "availability": [
        "IN_STORE",
        "ONLINE"
      ],
      "saleType": "UNITS",
      "restrictedFlag": false,
      "liquorFlag": false,
      "tobaccoFlag": false,
      "originRegulated": false,
      "singlePrice": {
        "price": 329,
        "promoId": "128952420",
        "comparativePrice": {
          "pricePerUnit": 132,
          "unitQuantity": 100,
          "unitQuantityUom": "g",
          "measureDescription": "100g"
        }
      },
      "promotions": [
        {
          "promoId": "128952420",
          "rewardValue": 329,
          "decal": "6000",
          "sapType": "BASE",
          "rewardType": "NEW_PRICE",
          "threshold": 1,
          "limit": 0,
          "multiProducts": false,
          "cardDependencyFlag": false,
          "bestPromotion": true,
          "comparativePrice": {
            "pricePerUnit": 132,
            "unitQuantity": 100,
            "unitQuantityUom": "g",
            "measureDescription": "100g"
          }
        }
      ],
      "facets": [
        {
          "itemCode": "00020012",
          "itemDescription": "Non-GMO"
        }
      ],
      "categoryTrees": [
        {
          "level0": "Pantry",
          "level1": "Biscuits & Crackers",
          "level2": "Crackers"
        }
      ],
      "cateredFlag": false
    },
    {
      "productId": "5003343-EA-000",
      "brand": "Nestle",
      "name": "Kit Kat Milk Chocolate Bar",
      "displayName": "45g",
      "availability": [
        "IN_STORE",
        "ONLINE"
      ],
      "saleType": "UNITS",
      "restrictedFlag": false,
      "liquorFlag": false,
      "tobaccoFlag": false,
      "originRegulated": false,
      "singlePrice": {
        "price": 169,
        "comparativePrice": {
          "pricePerUnit": 376,
          "unitQuantity": 100,
          "unitQuantityUom": "g",
          "measureDescription": "100g"
        }
      },
      "facets": [
        {
          "itemCode": "00020014",
          "itemDescription": "Vegetarian"
        },
        {
          "itemCode": "00020002",
          "itemDescription": "Halal"
        }
      ],
      "categoryTrees": [
        {
          "level0": "Pantry",
          "level1": "Confectionery",
          "level2": "Novelty Bars & Singles"
        },
        {
          "level0": "Featured",
          "level1": "Halloween",
          "level2": "Confectionery"
        }
      ],
      "cateredFlag": false
    },
    {
      "productId": "5010826-EA-000",
      "brand": "Eta Ripple Cut",
      "name": "Ready Salted Potato Chips",
      "displayName": "150g",
      "availability": [
        "IN_STORE",
        "ONLINE"
      ],
      "saleType": "UNITS",
      "restrictedFlag": false,
      "liquorFlag": false,
      "tobaccoFlag": false,
      "originRegulated": false,
      "singlePrice": {
        "price": 199,
        "comparativePrice": {
          "pricePerUnit": 133,
          "unitQuantity": 100,
          "unitQuantityUom": "g",
          "measureDescription": "100g"
        }
      },
      "facets": [
        {
          "itemCode": "00020014",
          "itemDescription": "Vegetarian"
        },
        {
          "itemCode": "00020012",
          "itemDescription": "Non-GMO"
        }
      ],
      "categoryTrees": [
        {
          "level0": "Pantry",
          "level1": "Snack Foods",
          "level2": "Potato Chips"
        }
      ],
      "cateredFlag": false
    },
    {
      "productId": "5010663-EA-000",
      "brand": "Copper Kettle",
      "name": "Sea Salt Potato Chips",
      "displayName": "150g",
      "availability": [
        "IN_STORE",
        "ONLINE"
      ],
      "saleType": "UNITS",
      "restrictedFlag": false,
      "liquorFlag": false,
      "tobaccoFlag": false,
      "originRegulated": false,
      "singlePrice": {
        "price": 399,
        "comparativePrice": {
          "pricePerUnit": 266,
          "unitQuantity": 100,
          "unitQuantityUom": "g",
          "measureDescription": "100g"
        }
      },
      "facets": [
        {
          "itemCode": "00020004",
          "itemDescription": "Gluten Free"
        },
        {
          "itemCode": "00020012",
          "itemDescription": "Non-GMO"
        },
        {
          "itemCode": "00020013",
          "itemDescription": "Vegan"
        }
      ],
      "categoryTrees": [
        {
          "level0": "Pantry",
          "level1": "Snack Foods",
          "level2": "Potato Chips"
        }
      ],
      "cateredFlag": false
    }
  ],
  "algoliaSearchResult": {
    "facets": {
      "brand": {
        "Pams": 315,
        "Wattie's": 91,
        "Tasti": 86,
        "Gregg's": 58,
        "Masterfoods": 57,
        "Continental": 53,
        "Maggi": 52,
        "Mother Earth": 48,
        "Mrs Rogers": 46,
        "Ceres Organics": 42,
        "Griffin's": 38,
        "Healtheries": 37,
        "Whittaker's": 37,
        "Nestle": 36,
        "Graze": 34,
        "Nescafe": 34,
        "Cadbury": 33,
        "Kellogg's": 30,
        "Lee Kum Kee": 30,
        "Sealord": 29,
        "Barker's": 28,
        "Avalanche": 26,
        "Edmonds": 26,
        "Delmaine": 25,
        "Diamond": 25,
        "Hubbards": 25,
        "Value": 25,
        "Moccona": 24,
        "Heinz": 22,
        "John West": 22,
        "Bluebird": 21,
        "Eta": 21,
        "Trident": 21,
        "Cinderella": 20,
        "Heartland": 20,
        "Red Seal": 20,
        "Chelsea": 19,
        "Jed's Coffee Co.": 19,
        "Patak's": 19,
        "SunRice": 19,
        "L'affare": 18,
        "One Square Meal": 18,
        "Anathoth Farm": 16,
        "Campbell's": 16,
        "Cookie Time": 16,
        "Fix & Fogg": 16,
        "Old El Paso": 16,
        "RJ's": 16,
        "Robert Harris": 16,
        "San Remo": 16,
        "Arnott's": 15,
        "Bell": 15,
        "Dilmah": 15,
        "Nice & Natural": 15,
        "Cadbury Dairy Milk": 14,
        "Lindt": 14,
        "Rum and Que": 14,
        "Sanitarium Up & Go": 14,
        "Exotic Food": 13,
        "Havana": 13,
        "Tom & Luke": 13,
        "Vogel's": 13,
        "Ben's": 12,
        "Dolmio": 12,
        "Golden Sun": 12,
        "L'OR": 12,
        "OB Finest": 12,
        "Pic's": 12,
        "Queen": 12,
        "The Olive Lady": 12,
        "Arataki": 11,
        "Frooze Balls": 11,
        "Gourmet Garden": 11,
        "Huntley & Palmers": 11,
        "Indomie": 11,
        "Kashish": 11,
        "Leggo's": 11,
        "Mama San": 11,
        "Spice Tree": 11,
        "Wrigley's Extra": 11,
        "Arnott's Shapes": 10,
        "Culley's Kitchen": 10,
        "Doritos": 10,
        "High Mark": 10,
        "Hummingbird": 10,
        "M&M's": 10,
        "Massel": 10,
        "Nongshim": 10,
        "Oreo": 10,
        "Pams Value": 10,
        "Pascall": 10,
        "Betty Crocker": 9,
        "Harraways": 9,
        "Mexicano": 9,
        "Tonzu": 9,
        "Urja": 9,
        "Fantastic": 8,
        "Naked Kitchen": 8,
        "Pams Finest": 8,
        "Rana": 8
      },
      "category1NI": {
        "Snack Foods": 496,
        "Canned & Prepared Foods": 396,
        "Hot Drinks": 342,
        "Sauces, Stock & Marinades": 298,
        "Confectionery": 286,
        "Baking Supplies & Sugar": 285,
        "Biscuits & Crackers": 250,
        "Pasta, Rice & Noodles": 230,
        "Condiments & Dressings": 227,
        "Spices & Seasonings": 198,
        "Pams": 191,
        "Breakfast Cereals": 146,
        "World Foods": 133,
        "Halloween": 113,
        "Jams, Honey & Spreads": 111,
        "Ready to Cook": 70,
        "Ready to Heat": 68,
        "Salad & Cooking Oils": 47,
        "Deli, Salads & Cooked Meats": 14,
        "Butchery": 5,
        "Health & Wellness": 3,
        "Cold Drinks": 1,
        "Dairy & Eggs": 1
      },
      "onPromotion": {
        "61dd754e-8525-4b9e-9e08-173389eea8a8": 996,
        "4a279605-eaa8-470d-bcd4-0a9e3c9ab43b": 982,
        "5cf0392f-c187-4fc4-a463-eb269d2e8f45": 972,
        "b29a98bd-749c-489c-9eef-6aa38e66a29b": 960,
        "c3f9e1a3-fc34-452d-af2e-95349e666ba4": 951,
        "90082979-fb9f-4305-9c72-83274fc438cc": 946,
        "d8032da3-c1b9-456e-b626-41ce21f8c67b": 940,
        "be4c4780-218e-425a-a90f-63e21773572b": 936,
        "dbca5e00-f7f9-43ae-91de-031ad16f8a92": 928,
        "715f0e22-95e0-45ce-af3a-07057209976e": 913,
        "2ed73be8-936d-4f35-9398-75a707f40a7b": 883,
        "3c5e3145-0767-4066-9349-6c0a1313acc5": 869,
        "8cd700ae-d96f-4761-bd7a-805d6b93536d": 853,
        "21ecaaed-0749-4492-985e-4bb7ba43d59c": 778,
        "64eab5b1-8d79-45f4-94f1-02b8cf8b6202": 751,
        "01a114de-149c-4f5f-80a1-90cc63f69c6e": 732,
        "b92cc33f-b5a8-4b57-9b82-412946800020": 727,
        "33d8d6fc-861a-45ff-9937-5ccdb55eaede": 695,
        "7d48a781-4f68-4c91-a908-8659e1b22f95": 674,
        "92086ded-a55d-4241-a364-7d7ea91531b4": 671,
        "e1925ea7-01bc-4358-ae7c-c6502da5ab12": 662,
        "d6d39eea-889d-4e20-923c-55cab225cf7f": 660,
        "3bfe040b-f0c9-45e0-949b-b9ad5a591d55": 651,
        "c180a72d-5dbe-4403-b7c7-91655e505492": 632,
        "49037947-e450-49bf-ba1f-a94551c79a72": 615,
        "5f167936-79ae-4f6a-b9d2-74afe1bb096b": 613,
        "714431ab-6e39-4df6-ac77-cfc5c1e25bc8": 609,
        "c2204dae-579e-4b6b-9d42-2e13ceaa6031": 589,
        "1c388d5e-29ac-4956-b476-cb3431353d2e": 588,
        "15e6f441-5c1c-4d25-b4ec-1adf918c49c7": 585,
        "3bb30799-82ce-4648-8c02-5113228963ed": 577,
        "8f0d70be-5cb7-464b-99cb-8b0130671895": 577,
        "48dd98cc-a757-4102-b15d-ea82b4b10571": 575,
        "a7d09522-bee2-41e4-8fe0-0b82b7f342f5": 573,
        "b2e98a14-c8ca-401e-99ed-edf74570c6f6": 572,
        "c0f80e87-16be-4488-9553-da437e8c6c2a": 569,
        "4fcc1c8e-cc5e-4675-ba25-5e56b579cf69": 561,
        "65defcf2-bc15-490e-a84f-1f13b769cd22": 559,
        "6c73764e-b8e6-4e55-ad37-f6a9d207da1f": 558,
        "d1cd1fdd-8767-46a6-a8d3-c3e0632c2dc8": 558,
        "6cda96e1-7d29-44a6-956b-3fcfdecc8184": 553,
        "6e6809dd-01bc-45c9-aab1-f01ccd8338b0": 553,
        "529d66cc-60e3-432e-b8d1-efc9f2ec4919": 551,
        "60561e46-ece7-43a7-b142-9b14812586e4": 551,
        "3404c253-577f-45ca-b301-c98312e46efb": 546,
        "98ec3885-ac93-4fcb-807b-59c9055c52c4": 537,
        "af385423-d0f1-41f0-9482-ffd10b745143": 534,
        "53989945-1a28-481d-a61c-d6f75f760ada": 530,
        "3e82142c-78dc-46f3-82ec-28e65fcf84c9": 512,
        "076e8177-943b-41fc-a885-ba3d28297acf": 508,
        "b83029b6-5dd5-449e-8056-26f3943a4e18": 505,
        "50b1216b-d066-4457-b88b-9bccf97bf6d3": 501,
        "9cd8eb60-3222-4efc-bd7c-50e03e6a81a4": 500,
        "b39562a4-2b72-43fe-b9ba-eda1d651ad0b": 489,
        "94ef1985-cab1-4b39-a2f3-230120f03c16": 447
      },
      "productFacets": {
        "Non-GMO": 1840,
        "Gluten Free": 555,
        "Vegetarian": 252,
        "Dairy Free": 242,
        "Low Fat": 222,
        "Vegan": 209,
        "Low Sugar": 147,
        "Organic": 144,
        "Halal": 91,
        "Free Range": 40,
        "Keto": 21,
        "Low Salt": 20,
        "Cage Free": 4
      }
    }
  },
  "totalHits": 1000,
  "page": 0,
  "totalPages": 20,
  "hitsPerPage": 50
}
