{
  "tobaccoProducts": false,
  "products": [
    {
      "productId": "5023474-EA-000",
      "brand": "Pieter's",
      "name": "Spicy Paprika Biersticks",
      "displayName": "150g",
      "availability": [
        "IN_STORE",
        "ONLINE"
      ],
      "saleType": "UNITS",
      "restrictedFlag": false,
      "liquorFlag": false,
      "tobaccoFlag": false,
      "originRegulated": false,
      "singlePrice": {
        "price": 499,
        "comparativePrice": {
          "pricePerUnit": 3327,
          "unitQuantity": 1,
          "unitQuantityUom": "kg",
          "measureDescription": "1kg"
        }
      },
      "facets": [
        {
          "itemCode": "00020004",
          "itemDescription": "Gluten Free"
        }
      ],
      "categoryTrees": [
        {
          "level0": "Pantry",
          "level1": "Snack Foods",
          "level2": "Meat Snacks"
        },
        {
          "level0": "Fresh Foods & Bakery",
          "level1": "Deli, Salads & Cooked Meats",
          "level2": "Continental Sausage & Salami"
        }
      ],
      "cateredFlag": false
    },
    {
      "productId": "5201166-EA-000",
      "brand": "Graze",
      "name": "Roasted Salted Peanuts",
      "displayName": "800g",
      "availability": [
        "IN_STORE",
        "ONLINE"
      ],
      "saleType": "UNITS",
      "restrictedFlag": false,
      "liquorFlag": false,
      "tobaccoFlag": false,
      "originRegulated": false,
      "singlePrice": {
        "price": 909,
        "comparativePrice": {
          "pricePerUnit": 114,
          "unitQuantity": 100,
          "unitQuantityUom": "g",
          "measureDescription": "100g"
        }
      },
      "categoryTrees": [
        {
          "level0": "Pantry",
          "level1": "Snack Foods",
          "level2": "Nut Bars & Snacks"
        }
      ],
      "cateredFlag": false
    },
    {
      "productId": "5026459-EA-000",
      "brand": "Lee Kum Kee",
      "name": "Ready Sauce For Cantonese Chicken",
      "displayName": "120g",
      "availability": [
        "IN_STORE",
        "ONLINE"
      ],
      "saleType": "UNITS",
      "restrictedFlag": false,
      "liquorFlag": false,
      "tobaccoFlag": false,
      "originRegulated": false,
      "singlePrice": {
        "price": 239,
        "comparativePrice": {
          "pricePerUnit": 199,
          "unitQuantity": 100,
          "unitQuantityUom": "g",
          "measureDescription": "100g"
        }
      },
      "categoryTrees": [
        {
          "level0": "Pantry",
          "level1": "Sauces, Stock & Marinades",
          "level2": "Stir Fry Sauces"
        },
        {
          "level0": "Pantry",
          "level1": "World Foods",
          "level2": "Chinese"
        },
        {
          "level0": "Pantry",
          "level1": "Sauces, Stock & Marinades",
          "level2": "Simmer & Stir-Through Sauces"
        }
      ],
      "cateredFlag": false
    },
    {
      "productId": "5038062-EA-000",
      "brand": "Diamond",
      "name": "Wholemeal Penne Pasta",
      "displayName": "500g",
      "availability": [
        "IN_STORE",
        "ONLINE"
      ],
      "saleType": "UNITS",
      "restrictedFlag": false,
      "liquorFlag": false,
      "tobaccoFlag": false,
      "originRegulated": false,
      "singlePrice": {
        "price": 239,
        "promoId": "128959828",
        "comparativePrice": {
          "pricePerUnit": 48,
          "unitQuantity": 100,
          "unitQuantityUom": "g",
          "measureDescription": "100g"
        }
      },
      "promotions": [
        {
          "promoId": "128959828",
          "rewardValue": 239,
          "decal": "6000",
          "sapType": "BASE",
          "rewardType": "NEW_PRICE",
          "threshold": 1,
          "limit": 0,
          "multiProducts": false,
          "cardDependencyFlag": false,
          "bestPromotion": true,
          "comparativePrice": {
            "pricePerUnit": 48,
            "unitQuantity": 100,
            "unitQuantityUom": "g",
            "measureDescription": "100g"
          }
        }
      ],
      "facets": [
        {
          "itemCode": "00020012",
          "itemDescription": "Non-GMO"
        }
      ],
      "categoryTrees": [
        {
          "level0": "Pantry",
          "level1": "Pasta, Rice & Noodles",
          "level2": "Dried Pastas"
        }
      ],
      "cateredFlag": false
    },
    {
      "productId": "5023184-EA-000",
      "brand": "Anathoth Farm",
      "name": "Three Berry Jam",
      "displayName": "455g",
      "availability": [
        "IN_STORE",
        "ONLINE"
      ],
      "saleType": "UNITS",
      "restrictedFlag": false,
      "liquorFlag": false,
      "tobaccoFlag": false,
      "originRegulated": false,
      "singlePrice": {
        "price": 539,
        "promoId": "128980941",
        "comparativePrice": {
          "pricePerUnit": 118,
          "unitQuantity": 100,
          "unitQuantityUom": "g",
          "measureDescription": "100g"
        }
      },
      "promotions": [
        {
          "promoId": "128980941",
          "rewardValue": 539,
          "decal": "6000",
          "sapType": "BASE",
          "rewardType": "NEW_PRICE",
          "threshold": 1,
          "limit": 0,
          "multiProducts": false,
          "cardDependencyFlag": false,
          "bestPromotion": true,
          "comparativePrice": {
            "pricePerUnit": 118,
            "unitQuantity": 100,
            "unitQuantityUom": "g",
            "measureDescription": "100g"
          }
        }
      ],
      "facets": [
        {
          "itemCode": "00020004",
          "itemDescription": "Gluten Free"
        },
        {
          "itemCode": "00020012",
          "itemDescription": "Non-GMO"
        }
      ],
      "categoryTrees": [
        {
          "level0": "Pantry",
          "level1": "Jams, Honey & Spreads",
          "level2": "Jam & Marmalade"
        }
      ],
      "cateredFlag": false
    },
    {
      "productId": "5010090-EA-000",
      "brand": "Diamond",
      "name": "Original Coat 'n Cook Flavoured Coating Mix",
      "displayName": "250g",
      "availability": [
        "IN_STORE",
        "ONLINE"
      ],
      "saleType": "UNITS",
      "restrictedFlag": false,
      "liquorFlag": false,
      "tobaccoFlag": false,
      "originRegulated": false,
      "singlePrice": {
        "price": 429,
        "comparativePrice": {
          "pricePerUnit": 172,
          "unitQuantity": 100,
          "unitQuantityUom": "g",
          "measureDescription": "100g"
        }
      },
      "facets": [
        {
          "itemCode": "00020012",
          "itemDescription": "Non-GMO"
        }
      ],
      "categoryTrees": [
        {
          "level0": "Pantry",
          "level1": "Baking Supplies & Sugar",
          "level2": "Breadcrumbs & Coatings"
        }
      ],
      "cateredFlag": false
    },
    {
      "productId": "5276221-EA-000",
      "brand": "Morinaga",
      "name": "Hi-Chew Tropical Mix",
      "displayName": "100g",
      "availability": [
        "IN_STORE",
        "ONLINE"
      ],
      "saleType": "UNITS",
      "restrictedFlag": false,
      "liquorFlag": false,
      "tobaccoFlag": false,
      "originRegulated": false,
      "singlePrice": {
        "price": 239,
        "comparativePrice": {
          "pricePerUnit": 239,
          "unitQuantity": 100,
          "unitQuantityUom": "g",
          "measureDescription": "100g"
        }
      },
      "facets": [
        {
          "itemCode": "00020004",
          "itemDescription": "Gluten Free"
        }
      ],
      "categoryTrees": [
        {
          "level0": "Pantry",
          "level1": "Confectionery",
          "level2": "Lollies Family Bags"
        },
        {
          "level0": "Featured",
          "level1": "Halloween",
          "level2": "Confectionery"
        }
      ],
      "cateredFlag": false
    },
    {
      "productId": "5015579-EA-000",
      "brand": "M&M's",
      "name": "Milk Chocolate Pouch",
      "displayName": "345g",
      "availability": [
        "IN_STORE",
        "ONLINE"
      ],
      "saleType": "UNITS",
      "restrictedFlag": false,
      "liquorFlag": false,
      "tobaccoFlag": false,
      "originRegulated": false,
      "singlePrice": {
        "price": 789,
        "comparativePrice": {
          "pricePerUnit": 229,
          "unitQuantity": 100,
          "unitQuantityUom": "g",
          "measureDescription": "100g"
        }
      },
      "categoryTrees": [
        {
          "level0": "Pantry",
          "level1": "Confectionery",
          "level2": "Chocolate Family Bags"
        }
      ],
      "cateredFlag": false
    },
    {
      "productId": "5011636-EA-000",
      "brand": "Lee Kum Kee",
      "name": "Premium Soy Sauce",
      "displayName": "500ml",
      "availability": [
        "IN_STORE",
        "ONLINE"
      ],
      "saleType": "UNITS",
      "restrictedFlag": false,
      "liquorFlag": false,
      "tobaccoFlag": false,
      "originRegulated": false,
      "singlePrice": {
        "price": 499,
        "comparativePrice": {
          "pricePerUnit": 100,
          "unitQuantity": 100,
          "unitQuantityUom": "ml",
          "measureDescription": "100ml"
        }
      },
      "facets": [
        {
          "itemCode": "00020002",
          "itemDescription": "Halal"
        },
        {
          "itemCode": "00020013",
          "itemDescription": "Vegan"
        }
      ],
      "categoryTrees": [
        {
          "level0": "Pantry",
          "level1": "Sauces, Stock & Marinades",
          "level2": "Soy Sauce"
        }
      ],
      "cateredFlag": false
    },
    {
      "productId": "5026677-EA-000",
      "brand": "Ceres Organics",
      "name": "Organic Black Beans",
      "displayName": "400g",
      "availability": [
        "IN_STORE",
        "ONLINE"
      ],
      "saleType": "UNITS",
      "restrictedFlag": false,
      "liquorFlag": false,
      "tobaccoFlag": false,
      "originRegulated": false,
      "singlePrice": {
        "price": 239,
        "promoId": "128928717",
        "comparativePrice": {
          "pricePerUnit": 598,
          "unitQuantity": 1,
          "unitQuantityUom": "kg",
          "measureDescription": "1kg"
        }
      },
      "promotions": [
        {
          "promoId": "128928717",
          "rewardValue": 239,
          "decal": "6000",
          "sapType": "BASE",
          "rewardType": "NEW_PRICE",
          "threshold": 1,
          "limit": 0,
          "multiProducts": false,
          "cardDependencyFlag": false,
          "bestPromotion": true,
          "comparativePrice": {
            "pricePerUnit": 598,
            "unitQuantity": 1,
            "unitQuantityUom": "kg",
            "measureDescription": "1kg"
          }
        }
      ],
      "facets": [
        {
          "itemCode": "00020001",
          "itemDescription": "Organic"
        },
        {
          "itemCode": "00020012",
          "itemDescription": "Non-GMO"
        }
      ],
      "categoryTrees": [
        {
          "level0": "Pantry",
          "level1": "Canned & Prepared Foods",
          "level2": "Canned & Dried Vegetables"
        }
      ],
      "cateredFlag": false
    },
    {
      "productId": "5245785-EA-000",
      "brand": "Tonzu",
      "name": "Organic Firm Tofu",
      "displayName": "300g",
      "availability": [
        "IN_STORE",
        "ONLINE"
      ],
      "saleType": "UNITS",
      "restrictedFlag": false,
      "liquorFlag": false,
      "tobaccoFlag": false,
      "originRegulated": false,
      "singlePrice": {
        "price": 599,
        "comparativePrice": {
          "pricePerUnit": 200,
          "unitQuantity": 100,
          "unitQuantityUom": "g",
          "measureDescription": "100g"
        }
      },
      "facets": [
        {
          "itemCode": "00020013",
          "itemDescription": "Vegan"
        },
        {
          "itemCode": "00020012",
          "itemDescription": "Non-GMO"
        },
        {
          "itemCode": "00020009",
          "itemDescription": "Low Fat"
        },
        {
          "itemCode": "00020014",
          "itemDescription": "Vegetarian"
        },
        {
          "itemCode": "00020004",
          "itemDescription": "Gluten Free"
        },
        {
          "itemCode": "00020001",
          "itemDescription": "Organic"
        },
        {
          "itemCode": "00020007",
          "itemDescription": "Dairy Free"
        }
      ],
      "categoryTrees": [
        {
          "level0": "Pantry",
          "level1": "Canned & Prepared Foods",
          "level2": "Vegetarian"
        }
      ],
      "cateredFlag": false
    },
    {
      "productId": "5020855-EA-000",
      "brand": "Tasti",
      "name": "Nutty Choc Protein Bars",
      "displayName": "5 x 40g",
      "availability": [
        "IN_STORE",
        "ONLINE"
      ],
      "saleType": "UNITS",
      "restrictedFlag": false,
      "liquorFlag": false,
      "tobaccoFlag": false,
      "originRegulated": false,
      "singlePrice": {
        "price": 529,
        "comparativePrice": {
          "pricePerUnit": 265,
          "unitQuantity": 100,
          "unitQuantityUom": "g",
          "measureDescription": "100g"
        }
      },
      "categoryTrees": [
        {
          "level0": "Pantry",
          "level1": "Snack Foods",
          "level2": "Nut Bars & Snacks"
        }
      ],
      "cateredFlag": false
    },
    {
      "productId": "5016848-EA-000",
      "brand": "Tasti",
      "name": "Meganuts Double Choc Bars",
      "displayName": "6 x 40g",
      "availability": [
        "IN_STORE",
        "ONLINE"
      ],
      "saleType": "UNITS",
      "restrictedFlag": false,
      "liquorFlag": false,
      "tobaccoFlag": false,
      "originRegulated": false,
      "singlePrice": {
        "price": 449,
        "comparativePrice": {
          "pricePerUnit": 187,
          "unitQuantity": 100,
          "unitQuantityUom": "g",
          "measureDescription": "100g"
        }
      },
      "facets": [
        {
          "itemCode": "00020010",
          "itemDescription": "Low Salt"
        }
      ],
      "categoryTrees": [
        {
          "level0": "Pantry",
          "level1": "Snack Foods",
          "level2": "Nut Bars & Snacks"
        }
      ],
      "cateredFlag": false
    },
    {
      "productId": "5004784-EA-000",
      "brand": "Pams",
      "name": "Classic Worcester Sauce",
      "displayName": "300ml",
      "availability": [
        "IN_STORE",
        "ONLINE"
      ],
      "saleType": "UNITS",
      "restrictedFlag": false,
      "liquorFlag": false,
      "tobaccoFlag": false,
      "originRegulated": false,
      "singlePrice": {
        "price": 249,
        "comparativePrice": {
          "pricePerUnit": 83,
          "unitQuantity": 100,
          "unitQuantityUom": "ml",
          "measureDescription": "100ml"
        }
      },
      "facets": [
        {
          "itemCode": "00020007",
          "itemDescription": "Dairy Free"
        },
        {
          "itemCode": "00020012",
          "itemDescription": "Non-GMO"
        }
      ],
      "categoryTrees": [
        {
          "level0": "Pantry",
          "level1": "Condiments & Dressings",
          "level2": "Worcestershire Sauces"
        }
      ],
      "cateredFlag": false
    },
    {
      "productId": "5267590-EA-000",
      "brand": "Gregg's",
      "name": "Onion Powder",
      "displayName": "30g",
      "availability": [
        "IN_STORE",
        "ONLINE"
      ],
      "saleType": "UNITS",
      "restrictedFlag": false,
      "liquorFlag": false,
      "tobaccoFlag": false,
      "originRegulated": false,
      "singlePrice": {
        "price": 199,
        "comparativePrice": {
          "pricePerUnit": 66,
          "unitQuantity": 10,
          "unitQuantityUom": "g",
          "measureDescription": "10g"
        }
      },
      "facets": [
        {
          "itemCode": "00020012",
          "itemDescription": "Non-GMO"
        }
      ],
      "categoryTrees": [
        {
          "level0": "Pantry",
          "level1": "Spices & Seasonings",
          "level2": "Dried Herbs"
        }
      ],
      "cateredFlag": false
    },
    {
      "productId": "5249659-EA-000",
      "brand": "Cadbury Dairy Milk",
      "name": "Crunchie Chocolate Block",
      "displayName": "180g",
      "availability": [
        "IN_STORE",
        "ONLINE"
      ],
      "saleType": "UNITS",
      "restrictedFlag": false,
      "liquorFlag": false,
      "tobaccoFlag": false,
      "originRegulated": false,
      "singlePrice": {
        "price": 449,
        "comparativePrice": {
          "pricePerUnit": 249,
          "unitQuantity": 100,
          "unitQuantityUom": "g",
          "measureDescription": "100g"
        }
      },
      "facets": [
        {
          "itemCode": "00020012",
          "itemDescription": "Non-GMO"
        }
      ],
      "categoryTrees": [
        {
          "level0": "Pantry",
          "level1": "Confectionery",
          "level2": "Chocolate Blocks"
        }
      ],
      "cateredFlag": false
    },
    {
      "productId": "5018378-EA-000",
      "brand": "Pams",
      "name": "Dark Compound Chocolate Buttons",
      "displayName": "400g",
      "availability": [
        "IN_STORE",
        "ONLINE"
      ],
      "saleType": "UNITS",
      "restrictedFlag": false,
      "liquorFlag": false,
      "tobaccoFlag": false,
      "originRegulated": false,
      "singlePrice": {
        "price": 319,
        "comparativePrice": {
          "pricePerUnit": 80,
          "unitQuantity": 100,
          "unitQuantityUom": "g",
          "measureDescription": "100g"
        }
      },
      "facets": [
        {
          "itemCode": "00020012",
          "itemDescription": "Non-GMO"
        }
      ],
      "categoryTrees": [
        {
          "level0": "Pantry",
          "level1": "Baking Supplies & Sugar",
          "level2": "Cooking Chocolate"
        },
        {
          "level0": "Featured",
          "level1": "Pams",
          "level2": "Baking Supplies & Sugar"
        }
      ],
      "cateredFlag": false
    },
    {
      "productId": "5010615-EA-000",
      "brand": "Jack Link's",
      "name": "Original Beef Jerky",
      "displayName": "50g",
      "availability": [
        "IN_STORE",
        "ONLINE"
      ],
      "saleType": "UNITS",
      "restrictedFlag": false,
      "liquorFlag": false,
      "tobaccoFlag": false,
      "originRegulated": false,
      "singlePrice": {
        "price": 519,
        "comparativePrice": {
          "pricePerUnit": 1038,
          "unitQuantity": 100,
          "unitQuantityUom": "g",
          "measureDescription": "100g"
        }
      },
      "facets": [
        {
          "itemCode": "00020009",
          "itemDescription": "Low Fat"
        }
      ],
      "categoryTrees": [
        {
          "level0": "Pantry",
          "level1": "Snack Foods",
          "level2": "Meat Snacks"
        }
      ],
      "cateredFlag": false
    },
    {
      "productId": "5238204-EA-000",
      "brand": "Mother Earth",
      "name": "Roasted & Salted Pistachios",
      "displayName": "140g",
      "availability": [
        "IN_STORE",
        "ONLINE"
      ],
      "saleType": "UNITS",
      "restrictedFlag": false,
      "liquorFlag": false,
      "tobaccoFlag": false,
      "originRegulated": false,
      "singlePrice": {
        "price": 449,
        "comparativePrice": {
          "pricePerUnit": 321,
          "unitQuantity": 100,
          "unitQuantityUom": "g",
          "measureDescription": "100g"
        }
      },
      "facets": [
        {
          "itemCode": "00020012",
          "itemDescription": "Non-GMO"
        }
      ],
      "categoryTrees": [
        {
          "level0": "Pantry",
          "level1": "Snack Foods",
          "level2": "Nut Bars & Snacks"
        }
      ],
      "cateredFlag": false
    },
    {
      "productId": "5006060-EA-000",
      "brand": "Pams",
      "name": "Ravioli Ricotta & Basil Chilled Pasta",
      "displayName": "300g",
      "availability": [
        "IN_STORE",
        "ONLINE"
      ],
      "saleType": "UNITS",
      "restrictedFlag": false,
      "liquorFlag": false,
      "tobaccoFlag": false,
      "originRegulated": false,
      "singlePrice": {
        "price": 419,
        "comparativePrice": {
          "pricePerUnit": 140,
          "unitQuantity": 100,
          "unitQuantityUom": "g",
          "measureDescription": "100g"
        }
      },
      "facets": [
        {
          "itemCode": "00020012",
          "itemDescription": "Non-GMO"
        }
      ],
      "categoryTrees": [
        {
          "level0": "Pantry",
          "level1": "Pasta, Rice & Noodles",
          "level2": "Fresh Pastas"
        }
      ],
      "cateredFlag": false
    },
    {
      "productId": "5003363-EA-000",
      "brand": "Cadbury",
      "name": "Pinky Chocolate Bar",
      "displayName": "40g",
      "availability": [
        "IN_STORE",
        "ONLINE"
      ],
      "saleType": "UNITS",
      "restrictedFlag": false,
      "liquorFlag": false,
      "tobaccoFlag": false,
      "originRegulated": false,
      "singlePrice": {
        "price": 189,
        "comparativePrice": {
          "pricePerUnit": 473,
          "unitQuantity": 100,
          "unitQuantityUom": "g",
          "measureDescription": "100g"
        }
      },
      "facets": [
        {
          "itemCode": "00020012",
          "itemDescription": "Non-GMO"
        }
      ],
      "categoryTrees": [
        {
          "level0": "Pantry",
          "level1": "Confectionery",
          "level2": "Novelty Bars & Singles"
        },
        {
          "level0": "Featured",
          "level1": "Halloween",
          "level2": "Confectionery"
        }
      ],
      "cateredFlag": false
    },
    {
      "productId": "5004799-EA-000",
      "brand": "Pams",
      "name": "Mild Salsa Dip",
      "displayName": "300g",
      "availability": [
        "IN_STORE",
        "ONLINE"
      ],
      "saleType": "UNITS",
      "restrictedFlag": false,
      "liquorFlag": false,
      "tobaccoFlag": false,
      "originRegulated": false,
      "singlePrice": {
        "price": 299,
        "comparativePrice": {
          "pricePerUnit": 100,
          "unitQuantity": 100,
          "unitQuantityUom": "g",
          "measureDescription": "100g"
        }
      },
      "facets": [
        {
          "itemCode": "00020007",
          "itemDescription": "Dairy Free"
        },
        {
          "itemCode": "00020012",
          "itemDescription": "Non-GMO"
        }
      ],
      "categoryTrees": [
        {
          "level0": "Pantry",
          "level1": "Snack Foods",
          "level2": "Dips & Salsas"
        },
        {
          "level0": "Featured",
          "level1": "Pams",
          "level2": "Snack Foods"
        }
      ],
      "cateredFlag": false
    },
    {
      "productId": "5026416-EA-000",
      "brand": "Mrs Rogers",
      "name": "Naturals Whole Black Peppercorns",
      "displayName": "200g",
      "availability": [
        "IN_STORE",
        "ONLINE"
      ],
      "saleType": "UNITS",
      "restrictedFlag": false,
      "liquorFlag": false,
      "tobaccoFlag": false,
      "originRegulated": false,
      "singlePrice": {
        "price": 849,
        "comparativePrice": {
          "pricePerUnit": 42,
          "unitQuantity": 10,
          "unitQuantityUom": "g",
          "measureDescription": "10g"
        }
      },
      "categoryTrees": [
        {
          "level0": "Pantry",
          "level1": "Spices & Seasonings",
          "level2": "Salt & Pepper"
        }
      ],
      "cateredFlag": false
    },
    {
      "productId": "5210022-EA-000",
      "brand": "Heinz",
      "name": "Seriously Good Tasty Cheddar Macaroni Cheese Pasta Bake",
      "displayName": "485g",
      "availability": [
        "IN_STORE",
        "ONLINE"
      ],
      "saleType": "UNITS",
      "restrictedFlag": false,
      "liquorFlag": false,
      "tobaccoFlag": false,
      "originRegulated": false,
      "singlePrice": {
        "price": 399,
        "comparativePrice": {
          "pricePerUnit": 82,
          "unitQuantity": 100,
          "unitQuantityUom": "g",
          "measureDescription": "100g"
        }
      },
      "facets": [
        {
          "itemCode": "00020012",
          "itemDescription": "Non-GMO"
        }
      ],
      "categoryTrees": [
        {
          "level0": "Pantry",
          "level1": "Sauces, Stock & Marinades",
          "level2": "Pasta Sauces"
        }
      ],
      "cateredFlag": false
    },
    {
      "productId": "5026704-EA-000",
      "brand": "Mrs Rogers",
      "name": "Naturals Eco Ground Cinnamon",
      "displayName": "30g",
      "availability": [
        "IN_STORE",
        "ONLINE"
      ],
      "saleType": "UNITS",
      "restrictedFlag": false,
      "liquorFlag": false,
      "tobaccoFlag": false,
      "originRegulated": false,
      "singlePrice": {
        "price": 239,
        "comparativePrice": {
          "pricePerUnit": 80,
          "unitQuantity": 10,
          "unitQuantityUom": "g",
          "measureDescription": "10g"
        }
      },
      "categoryTrees": [
        {
          "level0": "Pantry",
          "level1": "Spices & Seasonings",
          "level2": "Dried Herbs"
        }
      ],
      "cateredFlag": false
    },
    {
      "productId": "5285319-EA-000",
      "brand": "Uncle Tobys",
      "name": "Oats Original Big Bowl Quick Sachets",
      "displayName": "368g",
      "availability": [
        "IN_STORE",
        "ONLINE"
      ],
      "saleType": "UNITS",
      "restrictedFlag": false,
      "liquorFlag": false,
      "tobaccoFlag": false,
      "originRegulated": false,
      "singlePrice": {
        "price": 599,
        "comparativePrice": {
          "pricePerUnit": 163,
          "unitQuantity": 100,
          "unitQuantityUom": "g",
          "measureDescription": "100g"
        }
      },
      "facets": [
        {
          "itemCode": "00020014",
          "itemDescription": "Vegetarian"
        }
      ],
      "categoryTrees": [
        {
          "level0": "Pantry",
          "level1": "Breakfast Cereals",
          "level2": "Hot Cereals"
        }
      ],
      "cateredFlag": false
    },
    {
      "productId": "5013965-EA-000",
      "brand": "Campbell's",
      "name": "Real Stock Salt Reduced Chicken Stock Liquid",
      "displayName": "1l",
      "availability": [
        "IN_STORE",
        "ONLINE"
      ],
      "saleType": "UNITS",
      "restrictedFlag": false,
      "liquorFlag": false,
      "tobaccoFlag": false,
      "originRegulated": false,
      "singlePrice": {
        "price": 499,
        "comparativePrice": {
          "pricePerUnit": 50,
          "unitQuantity": 100,
          "unitQuantityUom": "ml",
          "measureDescription": "100ml"
        }
      },
      "facets": [
        {
          "itemCode": "00020012",
          "itemDescription": "Non-GMO"
        },
        {
          "itemCode": "00020009",
          "itemDescription": "Low Fat"
        }
      ],
      "categoryTrees": [
        {
          "level0": "Pantry",
          "level1": "Sauces, Stock & Marinades",
          "level2": "Stock"
        }
      ],
      "cateredFlag": false
    },
    {
      "productId": "5278292-EA-000",
      "brand": "GoodnessMe",
      "name": "Strawberry Blueberry Really Fruity Sticks",
      "displayName": "120g",
      "availability": [
        "IN_STORE",
        "ONLINE"
      ],
      "saleType": "UNITS",
      "restrictedFlag": false,
      "liquorFlag": false,
      "tobaccoFlag": false,
      "originRegulated": false,
      "singlePrice": {
        "price": 419,
        "comparativePrice": {
          "pricePerUnit": 349,
          "unitQuantity": 100,
          "unitQuantityUom": "g",
          "measureDescription": "100g"
        }
      },
      "facets": [
        {
          "itemCode": "00020013",
          "itemDescription": "Vegan"
        },
        {
          "itemCode": "00020012",
          "itemDescription": "Non-GMO"
        },
        {
          "itemCode": "00020004",
          "itemDescription": "Gluten Free"
        }
      ],
      "categoryTrees": [
        {
          "level0": "Pantry",
          "level1": "Snack Foods",
          "level2": "Fruit Snacks"
        }
      ],
      "cateredFlag": false
    },
    {
      "productId": "5006077-EA-000",
      "brand": "Pams",
      "name": "Fresh Carbonara Pasta Sauce",
      "displayName": "325g",
      "availability": [
        "IN_STORE",
        "ONLINE"
      ],
      "saleType": "UNITS",
      "restrictedFlag": false,
      "liquorFlag": false,
      "tobaccoFlag": false,
      "originRegulated": false,
      "singlePrice": {
        "price": 429,
        "comparativePrice": {
          "pricePerUnit": 132,
          "unitQuantity": 100,
          "unitQuantityUom": "g",
          "measureDescription": "100g"
        }
      },
      "facets": [
        {
          "itemCode": "00020012",
          "itemDescription": "Non-GMO"
        }
      ],
      "categoryTrees": [
        {
          "level0": "Pantry",
          "level1": "Sauces, Stock & Marinades",
          "level2": "Chilled Pasta Sauces"
        }
      ],
      "cateredFlag": false
    },
    {
      "productId": "5020304-EA-000",
      "brand": "Tasti",
      "name": "Meganuts Peanut Butter Bars",
      "displayName": "6 x 40g",
      "availability": [
        "IN_STORE",
        "ONLINE"
      ],
      "saleType": "UNITS",
      "restrictedFlag": false,
      "liquorFlag": false,
      "tobaccoFlag": false,
      "originRegulated": false,
      "singlePrice": {
        "price": 449,
        "comparativePrice": {
          "pricePerUnit": 187,
          "unitQuantity": 100,
          "unitQuantityUom": "g",
          "measureDescription": "100g"
        }
      },
      "categoryTrees": [
        {
          "level0": "Pantry",
          "level1": "Snack Foods",
          "level2": "Nut Bars & Snacks"
        }
      ],
      "cateredFlag": false
    },
    {
      "productId": "5110298-EA-000",
      "brand": "Jasons",
      "name": "Bongo Cheese Snacks",
      "displayName": "200g",
      "availability": [
        "IN_STORE",
        "ONLINE"
      ],
      "saleType": "UNITS",
      "restrictedFlag": false,
      "liquorFlag": false,
      "tobaccoFlag": false,
      "originRegulated": false,
      "singlePrice": {
        "price": 299,
        "promoId": "128982208",
        "comparativePrice": {
          "pricePerUnit": 150,
          "unitQuantity": 100,
          "unitQuantityUom": "g",
          "measureDescription": "100g"
        }
      },
      "promotions": [
        {
          "promoId": "128982208",
          "rewardValue": 299,
          "decal": "6000",
          "sapType": "BASE",
          "rewardType": "NEW_PRICE",
          "threshold": 1,
          "limit": 0,
          "multiProducts": false,
          "cardDependencyFlag": false,
          "bestPromotion": true,
          "comparativePrice": {
            "pricePerUnit": 150,
            "unitQuantity": 100,
            "unitQuantityUom": "g",
            "measureDescription": "100g"
          }
        }
      ],
      "categoryTrees": [
        {
          "level0": "Pantry",
          "level1": "Snack Foods",
          "level2": "Chips"
        }
      ],
      "cateredFlag": false
    },
    {
      "productId": "5269182-EA-000",
      "brand": "Avalanche",
      "name": "99% Sugar Free Chai Turmeric Latte Coffee Sticks",
      "displayName": "10 x 20g",
      "availability": [
        "IN_STORE",
        "ONLINE"
      ],
      "saleType": "UNITS",
      "restrictedFlag": false,
      "liquorFlag": false,
      "tobaccoFlag": false,
      "originRegulated": false,
      "singlePrice": {
        "price": 469,
        "promoId": "128943515",
        "comparativePrice": {
          "pricePerUnit": 47,
          "unitQuantity": 1,
          "unitQuantityUom": "ea",
          "measureDescription": "ea"
        }
      },
      "promotions": [
        {
          "promoId": "128943515",
          "rewardValue": 469,
          "decal": "6000",
          "sapType": "BASE",
          "rewardType": "NEW_PRICE",
          "threshold": 1,
          "limit": 0,
          "multiProducts": false,
          "cardDependencyFlag": false,
          "bestPromotion": true,
          "comparativePrice": {
            "pricePerUnit": 47,
            "unitQuantity": 1,
            "unitQuantityUom": "ea",
            "measureDescription": "ea"
          }
        }
      ],
      "facets": [
        {
          "itemCode": "00020011",
          "itemDescription": "Low Sugar"
        }
      ],
      "categoryTrees": [
        {
          "level0": "Pantry",
          "level1": "Hot Drinks",
          "level2": "Coffee Flavoured Sachets"
        },
        {
          "level0": "Drinks",
          "level1": "Hot Drinks",
          "level2": "Coffee Flavoured Sachets"
        }
      ],
      "cateredFlag": false
    },
    {
      "productId": "5010465-EA-000",
      "brand": "RJ's",
      "name": "Oddfellows Mints",
      "displayName": "200g",
      "availability": [
        "IN_STORE",
        "ONLINE"
      ],
      "saleType": "UNITS",
      "restrictedFlag": false,
      "liquorFlag": false,
      "tobaccoFlag": false,
      "originRegulated": false,
      "singlePrice": {
        "price": 349,
        "comparativePrice": {
          "pricePerUnit": 175,
          "unitQuantity": 100,
          "unitQuantityUom": "g",
          "measureDescription": "100g"
        }
      },
      "facets": [
        {
          "itemCode": "00020009",
          "itemDescription": "Low Fat"
        }
      ],
      "categoryTrees": [
        {
          "level0": "Pantry",
          "level1": "Confectionery",
          "level2": "Lollies Family Bags"
        },
        {
          "level0": "Featured",
          "level1": "Halloween",
          "level2": "Confectionery"
        }
      ],
      "cateredFlag": false
    },
    {
      "productId": "5012937-EA-000",
      "brand": "High Mark",
      "name": "Round Cut Egg Noodles",
      "displayName": "280g",
      "availability": [
        "IN_STORE",
        "ONLINE"
      ],
      "saleType": "UNITS",
      "restrictedFlag": false,
      "liquorFlag": false,
      "tobaccoFlag": false,
      "originRegulated": false,
      "singlePrice": {
        "price": 249,
        "comparativePrice": {
          "pricePerUnit": 89,
          "unitQuantity": 100,
          "unitQuantityUom": "g",
          "measureDescription": "100g"
        }
      },
      "facets": [
        {
          "itemCode": "00020009",
          "itemDescription": "Low Fat"
        },
        {
          "itemCode": "00020012",
          "itemDescription": "Non-GMO"
        }
      ],
      "categoryTrees": [
        {
          "level0": "Meal Spot",
          "level1": "Ready to Cook",
          "level2": "Noodle Meals"
        },
        {
          "level0": "Pantry",
          "level1": "Pasta, Rice & Noodles",
          "level2": "Noodle Meals"
        }
      ],
      "cateredFlag": false
    },
    {
      "productId": "5023279-EA-000",
      "brand": "Hubbards",
      "name": "Light & Right Hazelnut & Almond Cereal",
      "displayName": "425g",
      "availability": [
        "IN_STORE",
        "ONLINE"
      ],
      "saleType": "UNITS",
      "restrictedFlag": false,
      "liquorFlag": false,
      "tobaccoFlag": false,
      "originRegulated": false,
      "singlePrice": {
        "price": 579,
        "promoId": "128943894",
        "comparativePrice": {
          "pricePerUnit": 136,
          "unitQuantity": 100,
          "unitQuantityUom": "g",
          "measureDescription": "100g"
        }
      },
      "promotions": [
        {
          "promoId": "128943894",
          "rewardValue": 579,
          "decal": "6000",
          "sapType": "BASE",
          "rewardType": "NEW_PRICE",
          "threshold": 1,
          "limit": 0,
          "multiProducts": false,
          "cardDependencyFlag": false,
          "bestPromotion": true,
          "comparativePrice": {
            "pricePerUnit": 136,
            "unitQuantity": 100,
            "unitQuantityUom": "g",
            "measureDescription": "100g"
          }
        }
      ],
      "facets": [
        {
          "itemCode": "00020012",
          "itemDescription": "Non-GMO"
        }
      ],
      "categoryTrees": [
        {
          "level0": "Pantry",
          "level1": "Breakfast Cereals",
          "level2": "Flake/Fibre Cereals"
        }
      ],
      "cateredFlag": false
    },
    {
      "productId": "5236654-EA-000",
      "brand": "Avalanche",
      "name": "Cafe Style Hazelnut Latte Coffee Sticks",
      "displayName": "10 x 16g",
      "availability": [
        "IN_STORE",
        "ONLINE"
      ],
      "saleType": "UNITS",
      "restrictedFlag": false,
      "liquorFlag": false,
      "tobaccoFlag": false,
      "originRegulated": false,
      "singlePrice": {
        "price": 449,
        "comparativePrice": {
          "pricePerUnit": 45,
          "unitQuantity": 1,
          "unitQuantityUom": "ea",
          "measureDescription": "ea"
        }
      },
      "categoryTrees": [
        {
          "level0": "Pantry",
          "level1": "Hot Drinks",
          "level2": "Coffee Flavoured Sachets"
        },
        {
          "level0": "Drinks",
          "level1": "Hot Drinks",
          "level2": "Coffee Flavoured Sachets"
        }
      ],
      "cateredFlag": false
    },
    {
      "productId": "5010025-EA-000",
      "brand": "Dole",
      "name": "Pineapple Crushed In Juice",
      "displayName": "227g",
      "availability": [
        "IN_STORE",
        "ONLINE"
      ],
      "saleType": "UNITS",
      "restrictedFlag": false,
      "liquorFlag": false,
      "tobaccoFlag": false,
      "originRegulated": false,
      "singlePrice": {
        "price": 169,
        "comparativePrice": {
          "pricePerUnit": 744,
          "unitQuantity": 1,
          "unitQuantityUom": "kg",
          "measureDescription": "1kg"
        }
      },
      "facets": [
        {
          "itemCode": "00020004",
          "itemDescription": "Gluten Free"
        },
        {
          "itemCode": "00020011",
          "itemDescription": "Low Sugar"
        }
      ],
      "categoryTrees": [
        {
          "level0": "Pantry",
          "level1": "Canned & Prepared Foods",
          "level2": "Canned Fruit"
        }
      ],
      "cateredFlag": false
    },
    {
      "productId": "5016665-EA-000",
      "brand": "Wrigley's PK",
      "name": "Chewing Gum",
      "displayName": "70g",
      "availability": [
        "IN_STORE",
        "ONLINE"
      ],
      "saleType": "UNITS",
      "restrictedFlag": false,
      "liquorFlag": false,
      "tobaccoFlag": false,
      "originRegulated": false,
      "singlePrice": {
        "price": 529,
        "comparativePrice": {
          "pricePerUnit": 756,
          "unitQuantity": 100,
          "unitQuantityUom": "g",
          "measureDescription": "100g"
        }
      },
      "categoryTrees": [
        {
          "level0": "Pantry",
          "level1": "Confectionery",
          "level2": "Chewing Gum & Mints"
        }
      ],
      "cateredFlag": false
    },
    {
      "productId": "5231507-EA-000",
      "brand": "Ceres Organics",
      "name": "Seaweed Snack Pack",
      "displayName": "8 x 2g",
      "availability": [
        "IN_STORE",
        "ONLINE"
      ],
      "saleType": "UNITS",
      "restrictedFlag": false,
      "liquorFlag": false,
      "tobaccoFlag": false,
      "originRegulated": false,
      "singlePrice": {
        "price": 549,
        "promoId": "128929954",
        "comparativePrice": {
          "pricePerUnit": 3431,
          "unitQuantity": 100,
          "unitQuantityUom": "g",
          "measureDescription": "100g"
        }
      },
      "promotions": [
        {
          "promoId": "128929954",
          "rewardValue": 549,
          "decal": "6000",
          "sapType": "BASE",
          "rewardType": "NEW_PRICE",
          "threshold": 1,
          "limit": 0,
          "multiProducts": false,
          "cardDependencyFlag": false,
          "bestPromotion": true,
          "comparativePrice": {
            "pricePerUnit": 3431,
            "unitQuantity": 100,
            "unitQuantityUom": "g",
            "measureDescription": "100g"
          }
        }
      ],
      "facets": [
        {
          "itemCode": "00020013",
          "itemDescription": "Vegan"
        },
        {
          "itemCode": "00020011",
          "itemDescription": "Low Sugar"
        },
        {
          "itemCode": "00020001",
          "itemDescription": "Organic"
        },
        {
          "itemCode": "00020012",
          "itemDescription": "Non-GMO"
        }
      ],
      "categoryTrees": [
        {
          "level0": "Pantry",
          "level1": "Snack Foods",
          "level2": "Vege Snacks"
        }
      ],
      "cateredFlag": false
    },
    {
      "productId": "5019148-EA-000",
      "brand": "Chop Chop",
      "name": "Teriyaki Pieces Of Cooked Chicken Breast",
      "displayName": "160g",
      "availability": [
        "IN_STORE",
        "ONLINE"
      ],
      "saleType": "UNITS",
      "restrictedFlag": false,
      "liquorFlag": false,
      "tobaccoFlag": false,
      "originRegulated": false,
      "singlePrice": {
        "price": 339,
        "comparativePrice": {
          "pricePerUnit": 2119,
          "unitQuantity": 1,
          "unitQuantityUom": "kg",
          "measureDescription": "1kg"
        }
      },
      "facets": [
        {
          "itemCode": "00020006",
          "itemDescription": "Cage Free"
        },
        {
          "itemCode": "00020012",
          "itemDescription": "Non-GMO"
        },
        {
          "itemCode": "00020009",
          "itemDescription": "Low Fat"
        }
      ],
      "categoryTrees": [
        {
          "level0": "Pantry",
          "level1": "Canned & Prepared Foods",
          "level2": "Canned Meat"
        }
      ],
      "cateredFlag": false
    },
    {
      "productId": "5009309-EA-000",
      "brand": "Lee Kum Kee",
      "name": "Pure Sesame Oil",
      "displayName": "207ml",
      "availability": [
        "IN_STORE",
        "ONLINE"
      ],
      "saleType": "UNITS",
      "restrictedFlag": false,
      "liquorFlag": false,
      "tobaccoFlag": false,
      "originRegulated": false,
      "singlePrice": {
        "price": 629,
        "promoId": "128906509",
        "comparativePrice": {
          "pricePerUnit": 304,
          "unitQuantity": 100,
          "unitQuantityUom": "ml",
          "measureDescription": "100ml"
        }
      },
      "promotions": [
        {
          "promoId": "128906509",
          "rewardValue": 629,
          "decal": "7000",
          "sapType": "BASE",
          "rewardType": "NEW_PRICE",
          "threshold": 1,
          "limit": 0,
          "multiProducts": false,
          "cardDependencyFlag": false,
          "bestPromotion": true,
          "comparativePrice": {
            "pricePerUnit": 304,
            "unitQuantity": 100,
            "unitQuantityUom": "ml",
            "measureDescription": "100ml"
          }
        }
      ],
      "facets": [
        {
          "itemCode": "00020014",
          "itemDescription": "Vegetarian"
        },
        {
          "itemCode": "00020002",
          "itemDescription": "Halal"
        },
        {
          "itemCode": "00020013",
          "itemDescription": "Vegan"
        }
      ],
      "categoryTrees": [
        {
          "level0": "Pantry",
          "level1": "Salad & Cooking Oils",
          "level2": "Nut & Seed Oils"
        },
        {
          "level0": "Pantry",
          "level1": "World Foods",
          "level2": "Chinese"
        }
      ],
      "cateredFlag": false
    },
    {
      "productId": "5004764-EA-000",
      "brand": "Pams",
      "name": "White Compound Chocolate Buttons",
      "displayName": "400g",
      "availability": [
        "IN_STORE",
        "ONLINE"
      ],
      "saleType": "UNITS",
      "restrictedFlag": false,
      "liquorFlag": false,
      "tobaccoFlag": false,
      "originRegulated": false,
      "singlePrice": {
        "price": 319,
        "comparativePrice": {
          "pricePerUnit": 80,
          "unitQuantity": 100,
          "unitQuantityUom": "g",
          "measureDescription": "100g"
        }
      },
      "facets": [
        {
          "itemCode": "00020012",
          "itemDescription": "Non-GMO"
        }
      ],
      "categoryTrees": [
        {
          "level0": "Pantry",
          "level1": "Baking Supplies & Sugar",
          "level2": "Cooking Chocolate"
        },
        {
          "level0": "Featured",
          "level1": "Pams",
          "level2": "Baking Supplies & Sugar"
        }
      ],
      "cateredFlag": false
    },
    {
      "productId": "5002652-EA-000",
      "brand": "Edmonds",
      "name": "Baking Powder",
      "displayName": "400g",
      "availability": [
        "IN_STORE",
        "ONLINE"
      ],
      "saleType": "UNITS",
      "restrictedFlag": false,
      "liquorFlag": false,
      "tobaccoFlag": false,
      "originRegulated": false,
      "singlePrice": {
        "price": 469,
        "comparativePrice": {
          "pricePerUnit": 117,
          "unitQuantity": 100,
          "unitQuantityUom": "g",
          "measureDescription": "100g"
        }
      },
      "facets": [
        {
          "itemCode": "00020004",
          "itemDescription": "Gluten Free"
        },
        {
          "itemCode": "00020012",
          "itemDescription": "Non-GMO"
        }
      ],
      "categoryTrees": [
        {
          "level0": "Pantry",
          "level1": "Baking Supplies & Sugar",
          "level2": "Baking Additives"
        }
      ],
      "cateredFlag": false
    },
    {
      "productId": "5010232-EA-000",
      "brand": "High Mark",
      "name": "Ribbon Cut Egg Noodles",
      "displayName": "280g",
      "availability": [
        "IN_STORE",
        "ONLINE"
      ],
      "saleType": "UNITS",
      "restrictedFlag": false,
      "liquorFlag": false,
      "tobaccoFlag": false,
      "originRegulated": false,
      "singlePrice": {
        "price": 249,
        "comparativePrice": {
          "pricePerUnit": 89,
          "unitQuantity": 100,
          "unitQuantityUom": "g",
          "measureDescription": "100g"
        }
      },
      "facets": [
        {
          "itemCode": "00020009",
          "itemDescription": "Low Fat"
        },
        {
          "itemCode": "00020012",
          "itemDescription": "Non-GMO"
        }
      ],
      "categoryTrees": [
        {
          "level0": "Pantry",
          "level1": "Pasta, Rice & Noodles",
          "level2": "Noodles"
        }
      ],
      "cateredFlag": false
    },
    {
      "productId": "5016171-EA-000",
      "brand": "Hubbards",
      "name": "Simply Berry Muesli Clusters",
      "displayName": "425g",
      "availability": [
        "IN_STORE",
        "ONLINE"
      ],
      "saleType": "UNITS",
      "restrictedFlag": false,
      "liquorFlag": false,
      "tobaccoFlag": false,
      "originRegulated": false,
      "singlePrice": {
        "price": 649,
        "comparativePrice": {
          "pricePerUnit": 153,
          "unitQuantity": 100,
          "unitQuantityUom": "g",
          "measureDescription": "100g"
        }
      },
      "facets": [
        {
          "itemCode": "00020012",
          "itemDescription": "Non-GMO"
        }
      ],
      "categoryTrees": [
        {
          "level0": "Pantry",
          "level1": "Breakfast Cereals",
          "level2": "Muesli"
        }
      ],
      "cateredFlag": false
    },
    {
      "productId": "5011408-EA-000",
      "brand": "Heartland",
      "name": "Chicken Old Fashioned Wave Cut Potato Chips",
      "displayName": "150g",
      "availability": [
        "IN_STORE",
        "ONLINE"
      ],
      "saleType": "UNITS",
      "restrictedFlag": false,
      "liquorFlag": false,
      "tobaccoFlag": false,
      "originRegulated": false,
      "singlePrice": {
        "price": 249,
        "promoId": "128944271",
        "comparativePrice": {
          "pricePerUnit": 166,
          "unitQuantity": 100,
          "unitQuantityUom": "g",
          "measureDescription": "100g"
        }
      },
      "promotions": [
        {
          "promoId": "128944326",
          "rewardValue": 400,
          "decal": "6000",
          "sapType": "LAYERED",
          "rewardType": "NEW_PRICE",
          "threshold": 2,
          "multiProducts": true,
          "cardDependencyFlag": false,
          "bestPromotion": true,
          "comparativePrice": {
            "pricePerUnit": 133,
            "unitQuantity": 100,
            "unitQuantityUom": "g",
            "measureDescription": "100g"
          }
        }
      ],
      "facets": [
        {
          "itemCode": "00020004",
          "itemDescription": "Gluten Free"
        }
      ],
      "categoryTrees": [
        {
          "level0": "Pantry",
          "level1": "Snack Foods",
          "level2": "Potato Chips"
        }
      ],
      "cateredFlag": false
    },
    {
      "productId": "5002580-EA-000",
      "brand": "Lea & Perrins",
      "name": "Worcestershire Sauce",
      "displayName": "290ml",
      "availability": [
        "IN_STORE",
        "ONLINE"
      ],
      "saleType": "UNITS",
      "restrictedFlag": false,
      "liquorFlag": false,
      "tobaccoFlag": false,
      "originRegulated": false,
      "singlePrice": {
        "price": 529,
        "promoId": "128943971",
        "comparativePrice": {
          "pricePerUnit": 182,
          "unitQuantity": 100,
          "unitQuantityUom": "ml",
          "measureDescription": "100ml"
        }
      },
      "promotions": [
        {
          "promoId": "128943971",
          "rewardValue": 529,
          "decal": "6000",
          "sapType": "BASE",
          "rewardType": "NEW_PRICE",
          "threshold": 1,
          "limit": 0,
          "multiProducts": false,
          "cardDependencyFlag": false,
          "bestPromotion": true,
          "comparativePrice": {
            "pricePerUnit": 182,
            "unitQuantity": 100,
            "unitQuantityUom": "ml",
            "measureDescription": "100ml"
          }
        }
      ],
      "facets": [
        {
          "itemCode": "00020012",
          "itemDescription": "Non-GMO"
        }
      ],
      "categoryTrees": [
        {
          "level0": "Pantry",
          "level1": "Condiments & Dressings",
          "level2": "Worcestershire Sauces"
        }
      ],
      "cateredFlag": false
    },
    {
      "productId": "5015405-EA-000",
      "brand": "Mother Earth",
      "name": "Roasted & Unsalted Cashews",
      "displayName": "150g",
      "availability": [
        "IN_STORE",
        "ONLINE"
      ],
      "saleType": "UNITS",
      "restrictedFlag": false,
      "liquorFlag": false,
      "tobaccoFlag": false,
      "originRegulated": false,
      "singlePrice": {
        "price": 449,
        "comparativePrice": {
          "pricePerUnit": 299,
          "unitQuantity": 100,
          "unitQuantityUom": "g",
          "measureDescription": "100g"
        }
      },
      "facets": [
        {
          "itemCode": "00020012",
          "itemDescription": "Non-GMO"
        }
      ],
      "categoryTrees": [
        {
          "level0": "Pantry",
          "level1": "Snack Foods",
          "level2": "Nut Bars & Snacks"
        }
      ],
      "cateredFlag": false
    },
    {
      "productId": "5009941-EA-000",
      "brand": "Wattie's",
      "name": "Very Special Creamy Tomato Soup",
      "displayName": "535g",
      "availability": [
        "IN_STORE",
        "ONLINE"
      ],
      "saleType": "UNITS",
      "restrictedFlag": false,
      "liquorFlag": false,
      "tobaccoFlag": false,
      "originRegulated": false,
      "singlePrice": {
        "price": 349,
        "promoId": "128929986",
        "comparativePrice": {
          "pricePerUnit": 65,
          "unitQuantity": 100,
          "unitQuantityUom": "g",
          "measureDescription": "100g"
        }
      },
      "promotions": [
        {
          "promoId": "128929986",
          "rewardValue": 349,
          "decal": "6000",
          "sapType": "BASE",
          "rewardType": "NEW_PRICE",
          "threshold": 1,
          "limit": 0,
          "multiProducts": false,
          "cardDependencyFlag": false,
          "bestPromotion": true,
          "comparativePrice": {
            "pricePerUnit": 65,
            "unitQuantity": 100,
            "unitQuantityUom": "g",
            "measureDescription": "100g"
          }
        }
      ],
      "facets": [
        {
          "itemCode": "00020009",
          "itemDescription": "Low Fat"
        },
        {
          "itemCode": "00020012",
          "itemDescription": "Non-GMO"
        }
      ],
      "categoryTrees": [
        {
          "level0": "Pantry",
          "level1": "Canned & Prepared Foods",
          "level2": "Canned Soup"
        },
        {
          "level0": "Meal Spot",
          "level1": "Ready to Heat",
          "level2": "Canned Soup"
        }
      ],
      "cateredFlag": false
    },
    {
      "productId": "5272524-EA-000",
      "brand": "Old El Paso",
      "name": "Mild Nachos Spice Mix",
      "displayName": "35g",
      "availability": [
        "IN_STORE",
        "ONLINE"
      ],
      "saleType": "UNITS",
      "restrictedFlag": false,
      "liquorFlag": false,
      "tobaccoFlag": false,
      "originRegulated": false,
      "singlePrice": {
        "price": 249,
        "comparativePrice": {
          "pricePerUnit": 711,
          "unitQuantity": 100,
          "unitQuantityUom": "g",
          "measureDescription": "100g"
        }
      },
      "facets": [
        {
          "itemCode": "00020012",
          "itemDescription": "Non-GMO"
        }
      ],
      "categoryTrees": [
        {
          "level0": "Pantry",
          "level1": "World Foods",
          "level2": "Mexican"
        }
      ],
      "cateredFlag": false
    }
  ],
  "algoliaSearchResult": {
    "facets": {
      "brand": {
        "Pams": 315,
        "Wattie's": 91,
        "Tasti": 86,
        "Gregg's": 58,
        "Masterfoods": 57,
        "Continental": 53,
        "Maggi": 52,
        "Mother Earth": 48,
        "Mrs Rogers": 46,
        "Ceres Organics": 42,
        "Griffin's": 38,
        "Healtheries": 37,
        "Whittaker's": 37,
        "Nestle": 36,
        "Graze": 34,
        "Nescafe": 34,
        "Cadbury": 33,
        "Kellogg's": 30,
        "Lee Kum Kee": 30,
        "Sealord": 29,
        "Barker's": 28,
        "Avalanche": 26,
        "Edmonds": 26,
        "Delmaine": 25,
        "Diamond": 25,
        "Hubbards": 25,
        "Value": 25,
        "Moccona": 24,
        "Heinz": 22,
        "John West": 22,
        "Bluebird": 21,
        "Eta": 21,
        "Trident": 21,
        "Cinderella": 20,
        "Heartland": 20,
        "Red Seal": 20,
        "Chelsea": 19,
        "Jed's Coffee Co.": 19,
        "Patak's": 19,
        "SunRice": 19,
        "L'affare": 18,
        "One Square Meal": 18,
        "Anathoth Farm": 16,
        "Campbell's": 16,
        "Cookie Time": 16,
        "Fix & Fogg": 16,
        "Old El Paso": 16,
        "RJ's": 16,
        "Robert Harris": 16,
        "San Remo": 16,
        "Arnott's": 15,
        "Bell": 15,
        "Dilmah": 15,
        "Nice & Natural": 15,
        "Cadbury Dairy Milk": 14,
        "Lindt": 14,
        "Rum and Que": 14,
        "Sanitarium Up & Go": 14,
        "Exotic Food": 13,
        "Havana": 13,
        "Tom & Luke": 13,
        "Vogel's": 13,
        "Ben's": 12,
        "Dolmio": 12,
        "Golden Sun": 12,
        "L'OR": 12,
        "OB Finest": 12,
        "Pic's": 12,
        "Queen": 12,
        "The Olive Lady": 12,
        "Arataki": 11,
        "Frooze Balls": 11,
        "Gourmet Garden": 11,
        "Huntley & Palmers": 11,
        "Indomie": 11,
        "Kashish": 11,
        "Leggo's": 11,
        "Mama San": 11,
        "Spice Tree": 11,
        "Wrigley's Extra": 11,
        "Arnott's Shapes": 10,
        "Culley's Kitchen": 10,
        "Doritos": 10,
        "High Mark": 10,
        "Hummingbird": 10,
        "M&M's": 10,
        "Massel": 10,
        "Nongshim": 10,
        "Oreo": 10,
        "Pams Value": 10,
        "Pascall": 10,
        "Betty Crocker": 9,
        "Harraways": 9,
        "Mexicano": 9,
        "Tonzu": 9,
        "Urja": 9,
        "Fantastic": 8,
        "Naked Kitchen": 8,
        "Pams Finest": 8,
        "Rana": 8
      },
      "category1NI": {
        "Snack Foods": 496,
        "Canned & Prepared Foods": 396,
        "Hot Drinks": 342,
        "Sauces, Stock & Marinades": 298,
        "Confectionery": 286,
        "Baking Supplies & Sugar": 285,
        "Biscuits & Crackers": 250,
        "Pasta, Rice & Noodles": 230,
        "Condiments & Dressings": 227,
        "Spices & Seasonings": 198,
        "Pams": 191,
        "Breakfast Cereals": 146,
        "World Foods": 133,
        "Halloween": 113,
        "Jams, Honey & Spreads": 111,
        "Ready to Cook": 70,
        "Ready to Heat": 68,
        "Salad & Cooking Oils": 47,
        "Deli, Salads & Cooked Meats": 14,
        "Butchery": 5,
        "Health & Wellness": 3,
        "Cold Drinks": 1,
        "Dairy & Eggs": 1
      },
      "onPromotion": {
        "61dd754e-8525-4b9e-9e08-173389eea8a8": 996,
        "4a279605-eaa8-470d-bcd4-0a9e3c9ab43b": 982,
        "5cf0392f-c187-4fc4-a463-eb269d2e8f45": 972,
        "b29a98bd-749c-489c-9eef-6aa38e66a29b": 960,
        "c3f9e1a3-fc34-452d-af2e-95349e666ba4": 951,
        "90082979-fb9f-4305-9c72-83274fc438cc": 946,
        "d8032da3-c1b9-456e-b626-41ce21f8c67b": 940,
        "be4c4780-218e-425a-a90f-63e21773572b": 936,
        "dbca5e00-f7f9-43ae-91de-031ad16f8a92": 928,
        "715f0e22-95e0-45ce-af3a-07057209976e": 913,
        "2ed73be8-936d-4f35-9398-75a707f40a7b": 883,
        "3c5e3145-0767-4066-9349-6c0a1313acc5": 869,
        "8cd700ae-d96f-4761-bd7a-805d6b93536d": 853,
        "21ecaaed-0749-4492-985e-4bb7ba43d59c": 778,
        "64eab5b1-8d79-45f4-94f1-02b8cf8b6202": 751,
        "01a114de-149c-4f5f-80a1-90cc63f69c6e": 732,
        "b92cc33f-b5a8-4b57-9b82-412946800020": 727,
        "33d8d6fc-861a-45ff-9937-5ccdb55eaede": 695,
        "7d48a781-4f68-4c91-a908-8659e1b22f95": 674,
        "92086ded-a55d-4241-a364-7d7ea91531b4": 671,
        "e1925ea7-01bc-4358-ae7c-c6502da5ab12": 662,
        "d6d39eea-889d-4e20-923c-55cab225cf7f": 660,
        "3bfe040b-f0c9-45e0-949b-b9ad5a591d55": 651,
        "c180a72d-5dbe-4403-b7c7-91655e505492": 632,
        "49037947-e450-49bf-ba1f-a94551c79a72": 615,
        "5f167936-79ae-4f6a-b9d2-74afe1bb096b": 613,
        "714431ab-6e39-4df6-ac77-cfc5c1e25bc8": 609,
        "c2204dae-579e-4b6b-9d42-2e13ceaa6031": 589,
        "1c388d5e-29ac-4956-b476-cb3431353d2e": 588,
        "15e6f441-5c1c-4d25-b4ec-1adf918c49c7": 585,
        "3bb30799-82ce-4648-8c02-5113228963ed": 577,
        "8f0d70be-5cb7-464b-99cb-8b0130671895": 577,
        "48dd98cc-a757-4102-b15d-ea82b4b10571": 575,
        "a7d09522-bee2-41e4-8fe0-0b82b7f342f5": 573,
        "b2e98a14-c8ca-401e-99ed-edf74570c6f6": 572,
        "c0f80e87-16be-4488-9553-da437e8c6c2a": 569,
        "4fcc1c8e-cc5e-4675-ba25-5e56b579cf69": 561,
        "65defcf2-bc15-490e-a84f-1f13b769cd22": 559,
        "6c73764e-b8e6-4e55-ad37-f6a9d207da1f": 558,
        "d1cd1fdd-8767-46a6-a8d3-c3e0632c2dc8": 558,
        "6cda96e1-7d29-44a6-956b-3fcfdecc8184": 553,
        "6e6809dd-01bc-45c9-aab1-f01ccd8338b0": 553,
        "529d66cc-60e3-432e-b8d1-efc9f2ec4919": 551,
        "60561e46-ece7-43a7-b142-9b14812586e4": 551,
        "3404c253-577f-45ca-b301-c98312e46efb": 546,
        "98ec3885-ac93-4fcb-807b-59c9055c52c4": 537,
        "af385423-d0f1-41f0-9482-ffd10b745143": 534,
        "53989945-1a28-481d-a61c-d6f75f760ada": 530,
        "3e82142c-78dc-46f3-82ec-28e65fcf84c9": 512,
        "076e8177-943b-41fc-a885-ba3d28297acf": 508,
        "b83029b6-5dd5-449e-8056-26f3943a4e18": 505,
        "50b1216b-d066-4457-b88b-9bccf97bf6d3": 501,
        "9cd8eb60-3222-4efc-bd7c-50e03e6a81a4": 500,
        "b39562a4-2b72-43fe-b9ba-eda1d651ad0b": 489,
        "94ef1985-cab1-4b39-a2f3-230120f03c16": 447
      },
      "productFacets": {
        "Non-GMO": 1840,
        "Gluten Free": 555,
        "Vegetarian": 252,
        "Dairy Free": 242,
        "Low Fat": 222,
        "Vegan": 209,
        "Low Sugar": 147,
        "Organic": 144,
        "Halal": 91,
        "Free Range": 40,
        "Keto": 21,
        "Low Salt": 20,
        "Cage Free": 4
      }
    }
  },
  "totalHits": 1000,
  "page": 17,
  "totalPages": 20,
  "hitsPerPage": 50
}
