{
  "tobaccoProducts": false,
  "products": [
    {
      "productId": "5233870-EA-000",
      "brand": "Nescafe",
      "name": "Vanilla Latte Coffee Sachets Value Pack",
      "displayName": "26 x 18.5g",
      "availability": [
        "IN_STORE",
        "ONLINE"
      ],
      "saleType": "UNITS",
      "restrictedFlag": false,
      "liquorFlag": false,
      "tobaccoFlag": false,
      "originRegulated": false,
      "singlePrice": {
        "price": 849,
        "promoId": "128959789",
        "comparativePrice": {
          "pricePerUnit": 33,
          "unitQuantity": 1,
          "unitQuantityUom": "ea",
          "measureDescription": "ea"
        }
      },
      "promotions": [
        {
          "promoId": "128959789",
          "rewardValue": 849,
          "decal": "6000",
          "sapType": "BASE",
          "rewardType": "NEW_PRICE",
          "threshold": 1,
          "limit": 0,
          "multiProducts": false,
          "cardDependencyFlag": false,
          "bestPromotion": true,
          "comparativePrice": {
            "pricePerUnit": 33,
            "unitQuantity": 1,
            "unitQuantityUom": "ea",
            "measureDescription": "ea"
          }
        }
      ],
      "facets": [
        {
          "itemCode": "00020014",
          "itemDescription": "Vegetarian"
        }
      ],
      "categoryTrees": [
        {
          "level0": "Pantry",
          "level1": "Hot Drinks",
          "level2": "Coffee Flavoured Sachets"
        },
        {
          "level0": "Drinks",
          "level1": "Hot Drinks",
          "level2": "Coffee Flavoured Sachets"
        }
      ],
      "cateredFlag": false
    },
    {
      "productId": "5005960-EA-000",
      "brand": "Pams",
      "name": "White Jumbo Tortillas",
      "displayName": "6pk",
      "availability": [
        "IN_STORE",
        "ONLINE"
      ],
      "saleType": "UNITS",
      "restrictedFlag": false,
      "liquorFlag": false,
      "tobaccoFlag": false,
      "originRegulated": false,
      "singlePrice": {
        "price": 299,
        "comparativePrice": {
          "pricePerUnit": 50,
          "unitQuantity": 1,
          "unitQuantityUom": "ea",
          "measureDescription": "ea"
        }
      },
      "facets": [
        {
          "itemCode": "00020012",
          "itemDescription": "Non-GMO"
        }
      ],
      "categoryTrees": [
        {
          "level0": "Pantry",
          "level1": "World Foods",
          "level2": "Mexican"
        },
        {
          "level0": "Featured",
          "level1": "Pams",
          "level2": "Bakery"
        }
      ],
      "cateredFlag": false
    },
    {
      "productId": "5012842-EA-000",
      "brand": "San Remo",
      "name": "La Pasta Creamy Bacon Pasta & Sauce Single Snack",
      "displayName": "80g",
      "availability": [
        "IN_STORE",
        "ONLINE"
      ],
      "saleType": "UNITS",
      "restrictedFlag": false,
      "liquorFlag": false,
      "tobaccoFlag": false,
      "originRegulated": false,
      "singlePrice": {
        "price": 119,
        "comparativePrice": {
          "pricePerUnit": 149,
          "unitQuantity": 100,
          "unitQuantityUom": "g",
          "measureDescription": "100g"
        }
      },
      "facets": [
        {
          "itemCode": "00020012",
          "itemDescription": "Non-GMO"
        }
      ],
      "categoryTrees": [
        {
          "level0": "Pantry",
          "level1": "Pasta, Rice & Noodles",
          "level2": "Pasta Meals"
        },
        {
          "level0": "Meal Spot",
          "level1": "Ready to Cook",
          "level2": "Pasta Meals"
        }
      ],
      "cateredFlag": false
    },
    {
      "productId": "5002392-EA-000",
      "brand": "Dole",
      "name": "Pineapple Slices In Juice",
      "displayName": "432g",
      "availability": [
        "IN_STORE",
        "ONLINE"
      ],
      "saleType": "UNITS",
      "restrictedFlag": false,
      "liquorFlag": false,
      "tobaccoFlag": false,
      "originRegulated": false,
      "singlePrice": {
        "price": 249,
        "comparativePrice": {
          "pricePerUnit": 576,
          "unitQuantity": 1,
          "unitQuantityUom": "kg",
          "measureDescription": "1kg"
        }
      },
      "facets": [
        {
          "itemCode": "00020011",
          "itemDescription": "Low Sugar"
        },
        {
          "itemCode": "00020004",
          "itemDescription": "Gluten Free"
        }
      ],
      "categoryTrees": [
        {
          "level0": "Pantry",
          "level1": "Canned & Prepared Foods",
          "level2": "Canned Fruit"
        }
      ],
      "cateredFlag": false
    },
    {
      "productId": "5023472-EA-000",
      "brand": "Pieter's",
      "name": "Original Biersticks",
      "displayName": "150g",
      "availability": [
        "IN_STORE",
        "ONLINE"
      ],
      "saleType": "UNITS",
      "restrictedFlag": false,
      "liquorFlag": false,
      "tobaccoFlag": false,
      "originRegulated": false,
      "singlePrice": {
        "price": 499,
        "comparativePrice": {
          "pricePerUnit": 3327,
          "unitQuantity": 1,
          "unitQuantityUom": "kg",
          "measureDescription": "1kg"
        }
      },
      "facets": [
        {
          "itemCode": "00020004",
          "itemDescription": "Gluten Free"
        }
      ],
      "categoryTrees": [
        {
          "level0": "Pantry",
          "level1": "Snack Foods",
          "level2": "Meat Snacks"
        },
        {
          "level0": "Fresh Foods & Bakery",
          "level1": "Deli, Salads & Cooked Meats",
          "level2": "Continental Sausage & Salami"
        }
      ],
      "cateredFlag": false
    },
    {
      "productId": "5269797-EA-000",
      "brand": "Cheetos",
      "name": "Flamin' Hot Corn Snacks Crunchy Party Bag",
      "displayName": "210g",
      "availability": [
        "IN_STORE",
        "ONLINE"
      ],
      "saleType": "UNITS",
      "restrictedFlag": false,
      "liquorFlag": false,
      "tobaccoFlag": false,
      "originRegulated": false,
      "singlePrice": {
        "price": 379,
        "promoId": "128944255",
        "comparativePrice": {
          "pricePerUnit": 180,
          "unitQuantity": 100,
          "unitQuantityUom": "g",
          "measureDescription": "100g"
        }
      },
      "promotions": [
        {
          "promoId": "128944255",
          "rewardValue": 379,
          "decal": "6000",
          "sapType": "BASE",
          "rewardType": "NEW_PRICE",
          "threshold": 1,
          "limit": 0,
          "multiProducts": false,
          "cardDependencyFlag": false,
          "bestPromotion": true,
          "comparativePrice": {
            "pricePerUnit": 180,
            "unitQuantity": 100,
            "unitQuantityUom": "g",
            "measureDescription": "100g"
          }
        }
      ],
      "facets": [
        {
          "itemCode": "00020012",
          "itemDescription": "Non-GMO"
        }
      ],
      "categoryTrees": [
        {
          "level0": "Pantry",
          "level1": "Snack Foods",
          "level2": "Chips"
        }
      ],
      "cateredFlag": false
    },
    {
      "productId": "5234865-EA-000",
      "brand": "Whittaker's",
      "name": "Dark Salted Caramel 62% Cocoa Dark Chocolate Block",
      "displayName": "250g",
      "availability": [
        "IN_STORE",
        "ONLINE"
      ],
      "saleType": "UNITS",
      "restrictedFlag": false,
      "liquorFlag": false,
      "tobaccoFlag": false,
      "originRegulated": false,
      "singlePrice": {
        "price": 549,
        "promoId": "128923223",
        "comparativePrice": {
          "pricePerUnit": 220,
          "unitQuantity": 100,
          "unitQuantityUom": "g",
          "measureDescription": "100g"
        }
      },
      "promotions": [
        {
          "promoId": "128923223",
          "rewardValue": 549,
          "decal": "6000",
          "sapType": "BASE",
          "rewardType": "NEW_PRICE",
          "threshold": 1,
          "limit": 0,
          "multiProducts": false,
          "cardDependencyFlag": false,
          "bestPromotion": true,
          "comparativePrice": {
            "pricePerUnit": 220,
            "unitQuantity": 100,
            "unitQuantityUom": "g",
            "measureDescription": "100g"
          }
        }
      ],
      "facets": [
        {
          "itemCode": "00020012",
          "itemDescription": "Non-GMO"
        }
      ],
      "categoryTrees": [
        {
          "level0": "Pantry",
          "level1": "Confectionery",
          "level2": "Chocolate Blocks"
        }
      ],
      "cateredFlag": false
    },
    {
      "productId": "5010647-EA-000",
      "brand": "Maggi",
      "name": "Rich Brown Flavoured Gravy Mix",
      "displayName": "28g",
      "availability": [
        "IN_STORE",
        "ONLINE"
      ],
      "saleType": "UNITS",
      "restrictedFlag": false,
      "liquorFlag": false,
      "tobaccoFlag": false,
      "originRegulated": false,
      "singlePrice": {
        "price": 89,
        "comparativePrice": {
          "pricePerUnit": 32,
          "unitQuantity": 10,
          "unitQuantityUom": "g",
          "measureDescription": "10g"
        }
      },
      "categoryTrees": [
        {
          "level0": "Pantry",
          "level1": "Sauces, Stock & Marinades",
          "level2": "Gravies"
        }
      ],
      "cateredFlag": false
    },
    {
      "productId": "5022799-EA-000",
      "brand": "Da Vinci's",
      "name": "Combination Pizza",
      "displayName": "380g",
      "availability": [
        "IN_STORE",
        "ONLINE"
      ],
      "saleType": "UNITS",
      "restrictedFlag": false,
      "liquorFlag": false,
      "tobaccoFlag": false,
      "originRegulated": false,
      "singlePrice": {
        "price": 390,
        "comparativePrice": {
          "pricePerUnit": 103,
          "unitQuantity": 100,
          "unitQuantityUom": "g",
          "measureDescription": "100g"
        }
      },
      "categoryTrees": [
        {
          "level0": "Pantry",
          "level1": "Canned & Prepared Foods",
          "level2": "Pizza & Pizza Bases"
        }
      ],
      "cateredFlag": false
    },
    {
      "productId": "5002377-EA-000",
      "brand": "Dole",
      "name": "Pineapple Chunks In Juice",
      "displayName": "432g",
      "availability": [
        "IN_STORE",
        "ONLINE"
      ],
      "saleType": "UNITS",
      "restrictedFlag": false,
      "liquorFlag": false,
      "tobaccoFlag": false,
      "originRegulated": false,
      "singlePrice": {
        "price": 249,
        "comparativePrice": {
          "pricePerUnit": 576,
          "unitQuantity": 1,
          "unitQuantityUom": "kg",
          "measureDescription": "1kg"
        }
      },
      "facets": [
        {
          "itemCode": "00020011",
          "itemDescription": "Low Sugar"
        },
        {
          "itemCode": "00020004",
          "itemDescription": "Gluten Free"
        }
      ],
      "categoryTrees": [
        {
          "level0": "Pantry",
          "level1": "Canned & Prepared Foods",
          "level2": "Canned Fruit"
        }
      ],
      "cateredFlag": false
    },
    {
      "productId": "5003304-EA-000",
      "brand": "Griffin's",
      "name": "Lemon Treats Biscuits",
      "displayName": "250g",
      "availability": [
        "IN_STORE",
        "ONLINE"
      ],
      "saleType": "UNITS",
      "restrictedFlag": false,
      "liquorFlag": false,
      "tobaccoFlag": false,
      "originRegulated": false,
      "singlePrice": {
        "price": 299,
        "promoId": "128983665",
        "comparativePrice": {
          "pricePerUnit": 120,
          "unitQuantity": 100,
          "unitQuantityUom": "g",
          "measureDescription": "100g"
        }
      },
      "promotions": [
        {
          "promoId": "128983665",
          "rewardValue": 299,
          "decal": "6000",
          "sapType": "BASE",
          "rewardType": "NEW_PRICE",
          "threshold": 1,
          "limit": 0,
          "multiProducts": false,
          "cardDependencyFlag": false,
          "bestPromotion": true,
          "comparativePrice": {
            "pricePerUnit": 120,
            "unitQuantity": 100,
            "unitQuantityUom": "g",
            "measureDescription": "100g"
          }
        }
      ],
      "facets": [
        {
          "itemCode": "00020012",
          "itemDescription": "Non-GMO"
        }
      ],
      "categoryTrees": [
        {
          "level0": "Pantry",
          "level1": "Biscuits & Crackers",
          "level2": "Crème & Jam Biscuits"
        }
      ],
      "cateredFlag": false
    },
    {
      "productId": "5224575-EA-000",
      "brand": "Patak's",
      "name": "Butter Chicken Mild Simmer Sauce",
      "displayName": "450g",
      "availability": [
        "IN_STORE",
        "ONLINE"
      ],
      "saleType": "UNITS",
      "restrictedFlag": false,
      "liquorFlag": false,
      "tobaccoFlag": false,
      "originRegulated": false,
      "singlePrice": {
        "price": 499,
        "comparativePrice": {
          "pricePerUnit": 111,
          "unitQuantity": 100,
          "unitQuantityUom": "g",
          "measureDescription": "100g"
        }
      },
      "categoryTrees": [
        {
          "level0": "Pantry",
          "level1": "Sauces, Stock & Marinades",
          "level2": "Curry Pastes & Sauces"
        },
        {
          "level0": "Pantry",
          "level1": "Sauces, Stock & Marinades",
          "level2": "Simmer & Stir-Through Sauces"
        }
      ],
      "cateredFlag": false
    },
    {
      "productId": "5213748-EA-000",
      "brand": "Arnott's Shapes",
      "name": "Variety Multi Pack",
      "displayName": "15pk",
      "availability": [
        "IN_STORE",
        "ONLINE"
      ],
      "saleType": "UNITS",
      "restrictedFlag": false,
      "liquorFlag": false,
      "tobaccoFlag": false,
      "originRegulated": false,
      "singlePrice": {
        "price": 629,
        "comparativePrice": {
          "pricePerUnit": 168,
          "unitQuantity": 100,
          "unitQuantityUom": "g",
          "measureDescription": "100g"
        }
      },
      "facets": [
        {
          "itemCode": "00020012",
          "itemDescription": "Non-GMO"
        }
      ],
      "categoryTrees": [
        {
          "level0": "Pantry",
          "level1": "Biscuits & Crackers",
          "level2": "Assorted Biscuits & Crackers"
        }
      ],
      "cateredFlag": false
    },
    {
      "productId": "5025825-EA-000",
      "brand": "Real Foods",
      "name": "Corn Thins Multigrain Crispbread",
      "displayName": "150g",
      "availability": [
        "IN_STORE",
        "ONLINE"
      ],
      "saleType": "UNITS",
      "restrictedFlag": false,
      "liquorFlag": false,
      "tobaccoFlag": false,
      "originRegulated": false,
      "singlePrice": {
        "price": 269,
        "comparativePrice": {
          "pricePerUnit": 179,
          "unitQuantity": 100,
          "unitQuantityUom": "g",
          "measureDescription": "100g"
        }
      },
      "facets": [
        {
          "itemCode": "00020012",
          "itemDescription": "Non-GMO"
        },
        {
          "itemCode": "00020004",
          "itemDescription": "Gluten Free"
        }
      ],
      "categoryTrees": [
        {
          "level0": "Pantry",
          "level1": "Biscuits & Crackers",
          "level2": "Rice Cakes"
        }
      ],
      "cateredFlag": false
    },
    {
      "productId": "5209565-EA-000",
      "brand": "Value",
      "name": "Chocolate Cream Flavoured Wafer Biscuits",
      "displayName": "125g",
      "availability": [
        "IN_STORE",
        "ONLINE"
      ],
      "saleType": "UNITS",
      "restrictedFlag": false,
      "liquorFlag": false,
      "tobaccoFlag": false,
      "originRegulated": false,
      "singlePrice": {
        "price": 104,
        "comparativePrice": {
          "pricePerUnit": 83,
          "unitQuantity": 100,
          "unitQuantityUom": "g",
          "measureDescription": "100g"
        }
      },
      "facets": [
        {
          "itemCode": "00020012",
          "itemDescription": "Non-GMO"
        }
      ],
      "categoryTrees": [
        {
          "level0": "Pantry",
          "level1": "Biscuits & Crackers",
          "level2": "Crème & Jam Biscuits"
        }
      ],
      "cateredFlag": false
    },
    {
      "productId": "5018439-EA-000",
      "brand": "Pams",
      "name": "White Vinegar",
      "displayName": "2l",
      "availability": [
        "IN_STORE",
        "ONLINE"
      ],
      "saleType": "UNITS",
      "restrictedFlag": false,
      "liquorFlag": false,
      "tobaccoFlag": false,
      "originRegulated": false,
      "singlePrice": {
        "price": 399,
        "comparativePrice": {
          "pricePerUnit": 20,
          "unitQuantity": 100,
          "unitQuantityUom": "ml",
          "measureDescription": "100ml"
        }
      },
      "facets": [
        {
          "itemCode": "00020007",
          "itemDescription": "Dairy Free"
        },
        {
          "itemCode": "00020004",
          "itemDescription": "Gluten Free"
        },
        {
          "itemCode": "00020012",
          "itemDescription": "Non-GMO"
        }
      ],
      "categoryTrees": [
        {
          "level0": "Pantry",
          "level1": "Condiments & Dressings",
          "level2": "Vinegars"
        },
        {
          "level0": "Featured",
          "level1": "Pams",
          "level2": "Condiments & Dressings"
        }
      ],
      "cateredFlag": false
    },
    {
      "productId": "5031848-EA-000",
      "brand": "Heinz",
      "name": "Seriously Good Garlic Aioli",
      "displayName": "500ml",
      "availability": [
        "IN_STORE",
        "ONLINE"
      ],
      "saleType": "UNITS",
      "restrictedFlag": false,
      "liquorFlag": false,
      "tobaccoFlag": false,
      "originRegulated": false,
      "singlePrice": {
        "price": 899,
        "comparativePrice": {
          "pricePerUnit": 180,
          "unitQuantity": 100,
          "unitQuantityUom": "ml",
          "measureDescription": "100ml"
        }
      },
      "facets": [
        {
          "itemCode": "00020003",
          "itemDescription": "Free Range"
        },
        {
          "itemCode": "00020012",
          "itemDescription": "Non-GMO"
        }
      ],
      "categoryTrees": [
        {
          "level0": "Pantry",
          "level1": "Condiments & Dressings",
          "level2": "Aioli"
        }
      ],
      "cateredFlag": false
    },
    {
      "productId": "5285126-EA-000",
      "brand": "Arnott's Farmbake",
      "name": "Butter Shortbread Biscuits",
      "displayName": "310g",
      "availability": [
        "IN_STORE",
        "ONLINE"
      ],
      "saleType": "UNITS",
      "restrictedFlag": false,
      "liquorFlag": false,
      "tobaccoFlag": false,
      "originRegulated": false,
      "singlePrice": {
        "price": 349,
        "comparativePrice": {
          "pricePerUnit": 113,
          "unitQuantity": 100,
          "unitQuantityUom": "g",
          "measureDescription": "100g"
        }
      },
      "facets": [
        {
          "itemCode": "00020012",
          "itemDescription": "Non-GMO"
        }
      ],
      "categoryTrees": [
        {
          "level0": "Pantry",
          "level1": "Biscuits & Crackers",
          "level2": "Biscuits & Cookies"
        }
      ],
      "cateredFlag": false
    },
    {
      "productId": "5036348-EA-000",
      "brand": "The Natural Confectionery Co.",
      "name": "Fruit Salad",
      "displayName": "220g",
      "availability": [
        "IN_STORE",
        "ONLINE"
      ],
      "saleType": "UNITS",
      "restrictedFlag": false,
      "liquorFlag": false,
      "tobaccoFlag": false,
      "originRegulated": false,
      "singlePrice": {
        "price": 389,
        "comparativePrice": {
          "pricePerUnit": 177,
          "unitQuantity": 100,
          "unitQuantityUom": "g",
          "measureDescription": "100g"
        }
      },
      "facets": [
        {
          "itemCode": "00020012",
          "itemDescription": "Non-GMO"
        }
      ],
      "categoryTrees": [
        {
          "level0": "Pantry",
          "level1": "Confectionery",
          "level2": "Lollies Family Bags"
        }
      ],
      "cateredFlag": false
    },
    {
      "productId": "5123899-EA-000",
      "brand": "Morinaga",
      "name": "Hi-Chew Original Mix",
      "displayName": "100g",
      "availability": [
        "IN_STORE",
        "ONLINE"
      ],
      "saleType": "UNITS",
      "restrictedFlag": false,
      "liquorFlag": false,
      "tobaccoFlag": false,
      "originRegulated": false,
      "singlePrice": {
        "price": 239,
        "comparativePrice": {
          "pricePerUnit": 239,
          "unitQuantity": 100,
          "unitQuantityUom": "g",
          "measureDescription": "100g"
        }
      },
      "facets": [
        {
          "itemCode": "00020004",
          "itemDescription": "Gluten Free"
        }
      ],
      "categoryTrees": [
        {
          "level0": "Pantry",
          "level1": "Confectionery",
          "level2": "Lollies Family Bags"
        },
        {
          "level0": "Featured",
          "level1": "Halloween",
          "level2": "Confectionery"
        }
      ],
      "cateredFlag": false
    },
    {
      "productId": "5027785-EA-000",
      "brand": "John West",
      "name": "Tuna Chunk Style Olive Oil Blend",
      "displayName": "185g",
      "availability": [
        "IN_STORE",
        "ONLINE"
      ],
      "saleType": "UNITS",
      "restrictedFlag": false,
      "liquorFlag": false,
      "tobaccoFlag": false,
      "originRegulated": false,
      "singlePrice": {
        "price": 349,
        "comparativePrice": {
          "pricePerUnit": 1886,
          "unitQuantity": 1,
          "unitQuantityUom": "kg",
          "measureDescription": "1kg"
        }
      },
      "categoryTrees": [
        {
          "level0": "Pantry",
          "level1": "Canned & Prepared Foods",
          "level2": "Canned Fish"
        }
      ],
      "cateredFlag": false
    },
    {
      "productId": "5010648-EA-000",
      "brand": "Maggi",
      "name": "Rich Meat Flavoured Gravy Mix",
      "displayName": "22g",
      "availability": [
        "IN_STORE",
        "ONLINE"
      ],
      "saleType": "UNITS",
      "restrictedFlag": false,
      "liquorFlag": false,
      "tobaccoFlag": false,
      "originRegulated": false,
      "singlePrice": {
        "price": 89,
        "comparativePrice": {
          "pricePerUnit": 40,
          "unitQuantity": 10,
          "unitQuantityUom": "g",
          "measureDescription": "10g"
        }
      },
      "categoryTrees": [
        {
          "level0": "Pantry",
          "level1": "Sauces, Stock & Marinades",
          "level2": "Gravies"
        }
      ],
      "cateredFlag": false
    },
    {
      "productId": "5003717-EA-000",
      "brand": "Pams",
      "name": "Desiccated Coconut",
      "displayName": "250g",
      "availability": [
        "IN_STORE",
        "ONLINE"
      ],
      "saleType": "UNITS",
      "restrictedFlag": false,
      "liquorFlag": false,
      "tobaccoFlag": false,
      "originRegulated": false,
      "singlePrice": {
        "price": 229,
        "comparativePrice": {
          "pricePerUnit": 92,
          "unitQuantity": 100,
          "unitQuantityUom": "g",
          "measureDescription": "100g"
        }
      },
      "facets": [
        {
          "itemCode": "00020012",
          "itemDescription": "Non-GMO"
        }
      ],
      "categoryTrees": [
        {
          "level0": "Pantry",
          "level1": "Baking Supplies & Sugar",
          "level2": "Baking Additives"
        }
      ],
      "cateredFlag": false
    },
    {
      "productId": "5249651-EA-000",
      "brand": "Cadbury Dairy Milk",
      "name": "Hazelnut Chocolate Block",
      "displayName": "180g",
      "availability": [
        "IN_STORE",
        "ONLINE"
      ],
      "saleType": "UNITS",
      "restrictedFlag": false,
      "liquorFlag": false,
      "tobaccoFlag": false,
      "originRegulated": false,
      "singlePrice": {
        "price": 449,
        "comparativePrice": {
          "pricePerUnit": 249,
          "unitQuantity": 100,
          "unitQuantityUom": "g",
          "measureDescription": "100g"
        }
      },
      "facets": [
        {
          "itemCode": "00020012",
          "itemDescription": "Non-GMO"
        }
      ],
      "categoryTrees": [
        {
          "level0": "Pantry",
          "level1": "Confectionery",
          "level2": "Chocolate Blocks"
        },
        {
          "level0": "Featured",
          "level1": "Halloween",
          "level2": "Confectionery"
        }
      ],
      "cateredFlag": false
    },
    {
      "productId": "5003969-EA-000",
      "brand": "Pams",
      "name": "Original Pizza Bases",
      "displayName": "640g",
      "availability": [
        "IN_STORE",
        "ONLINE"
      ],
      "saleType": "UNITS",
      "restrictedFlag": false,
      "liquorFlag": false,
      "tobaccoFlag": false,
      "originRegulated": false,
      "singlePrice": {
        "price": 345,
        "comparativePrice": {
          "pricePerUnit": 54,
          "unitQuantity": 100,
          "unitQuantityUom": "g",
          "measureDescription": "100g"
        }
      },
      "facets": [
        {
          "itemCode": "00020009",
          "itemDescription": "Low Fat"
        },
        {
          "itemCode": "00020012",
          "itemDescription": "Non-GMO"
        },
        {
          "itemCode": "00020011",
          "itemDescription": "Low Sugar"
        }
      ],
      "categoryTrees": [
        {
          "level0": "Pantry",
          "level1": "Canned & Prepared Foods",
          "level2": "Pizza & Pizza Bases"
        },
        {
          "level0": "Meal Spot",
          "level1": "Ready to Heat",
          "level2": "Pizza & Pizza Bases"
        }
      ],
      "cateredFlag": false
    },
    {
      "productId": "5005337-EA-000",
      "brand": "Pams",
      "name": "Wholemeal Flour",
      "displayName": "1.5kg",
      "availability": [
        "IN_STORE",
        "ONLINE"
      ],
      "saleType": "UNITS",
      "restrictedFlag": false,
      "liquorFlag": false,
      "tobaccoFlag": false,
      "originRegulated": false,
      "singlePrice": {
        "price": 219,
        "promoId": "128758451",
        "comparativePrice": {
          "pricePerUnit": 15,
          "unitQuantity": 100,
          "unitQuantityUom": "g",
          "measureDescription": "100g"
        }
      },
      "promotions": [
        {
          "promoId": "128758451",
          "rewardValue": 219,
          "decal": "7000",
          "sapType": "BASE",
          "rewardType": "NEW_PRICE",
          "threshold": 1,
          "limit": 0,
          "multiProducts": false,
          "cardDependencyFlag": false,
          "bestPromotion": true,
          "comparativePrice": {
            "pricePerUnit": 15,
            "unitQuantity": 100,
            "unitQuantityUom": "g",
            "measureDescription": "100g"
          }
        }
      ],
      "facets": [
        {
          "itemCode": "00020002",
          "itemDescription": "Halal"
        },
        {
          "itemCode": "00020012",
          "itemDescription": "Non-GMO"
        }
      ],
      "categoryTrees": [
        {
          "level0": "Pantry",
          "level1": "Baking Supplies & Sugar",
          "level2": "Flour"
        },
        {
          "level0": "Featured",
          "level1": "Pams",
          "level2": "Baking Supplies & Sugar"
        }
      ],
      "cateredFlag": false
    },
    {
      "productId": "5016259-EA-000",
      "brand": "Pop'n'Good",
      "name": "Butter Max Popcorn",
      "displayName": "150g",
      "availability": [
        "IN_STORE",
        "ONLINE"
      ],
      "saleType": "UNITS",
      "restrictedFlag": false,
      "liquorFlag": false,
      "tobaccoFlag": false,
      "originRegulated": false,
      "singlePrice": {
        "price": 249,
        "comparativePrice": {
          "pricePerUnit": 166,
          "unitQuantity": 100,
          "unitQuantityUom": "g",
          "measureDescription": "100g"
        }
      },
      "categoryTrees": [
        {
          "level0": "Pantry",
          "level1": "Snack Foods",
          "level2": "Popcorn"
        }
      ],
      "cateredFlag": false
    },
    {
      "productId": "5035600-EA-000",
      "brand": "Cadbury",
      "name": "Sharepack Crunchie",
      "displayName": "180g",
      "availability": [
        "IN_STORE",
        "ONLINE"
      ],
      "saleType": "UNITS",
      "restrictedFlag": false,
      "liquorFlag": false,
      "tobaccoFlag": false,
      "originRegulated": false,
      "singlePrice": {
        "price": 329,
        "promoId": "128944150",
        "comparativePrice": {
          "pricePerUnit": 183,
          "unitQuantity": 100,
          "unitQuantityUom": "g",
          "measureDescription": "100g"
        }
      },
      "promotions": [
        {
          "promoId": "128944150",
          "rewardValue": 329,
          "decal": "6000",
          "sapType": "BASE",
          "rewardType": "NEW_PRICE",
          "threshold": 1,
          "limit": 0,
          "multiProducts": false,
          "cardDependencyFlag": false,
          "bestPromotion": true,
          "comparativePrice": {
            "pricePerUnit": 183,
            "unitQuantity": 100,
            "unitQuantityUom": "g",
            "measureDescription": "100g"
          }
        }
      ],
      "facets": [
        {
          "itemCode": "00020012",
          "itemDescription": "Non-GMO"
        }
      ],
      "categoryTrees": [
        {
          "level0": "Pantry",
          "level1": "Confectionery",
          "level2": "Chocolate Family Bags"
        },
        {
          "level0": "Featured",
          "level1": "Halloween",
          "level2": "Confectionery"
        }
      ],
      "cateredFlag": false
    },
    {
      "productId": "5005002-EA-000",
      "brand": "Pams",
      "name": "Creamy Oats",
      "displayName": "800g",
      "availability": [
        "IN_STORE",
        "ONLINE"
      ],
      "saleType": "UNITS",
      "restrictedFlag": false,
      "liquorFlag": false,
      "tobaccoFlag": false,
      "originRegulated": false,
      "singlePrice": {
        "price": 329,
        "comparativePrice": {
          "pricePerUnit": 41,
          "unitQuantity": 100,
          "unitQuantityUom": "g",
          "measureDescription": "100g"
        }
      },
      "facets": [
        {
          "itemCode": "00020012",
          "itemDescription": "Non-GMO"
        },
        {
          "itemCode": "00020011",
          "itemDescription": "Low Sugar"
        },
        {
          "itemCode": "00020002",
          "itemDescription": "Halal"
        }
      ],
      "categoryTrees": [
        {
          "level0": "Pantry",
          "level1": "Breakfast Cereals",
          "level2": "Hot Cereals"
        },
        {
          "level0": "Featured",
          "level1": "Pams",
          "level2": "Breakfast Cereals"
        }
      ],
      "cateredFlag": false
    },
    {
      "productId": "5002590-EA-000",
      "brand": "Gregg's",
      "name": "Mixed Herbs",
      "displayName": "15g",
      "availability": [
        "IN_STORE",
        "ONLINE"
      ],
      "saleType": "UNITS",
      "restrictedFlag": false,
      "liquorFlag": false,
      "tobaccoFlag": false,
      "originRegulated": false,
      "singlePrice": {
        "price": 199,
        "comparativePrice": {
          "pricePerUnit": 133,
          "unitQuantity": 10,
          "unitQuantityUom": "g",
          "measureDescription": "10g"
        }
      },
      "facets": [
        {
          "itemCode": "00020012",
          "itemDescription": "Non-GMO"
        }
      ],
      "categoryTrees": [
        {
          "level0": "Pantry",
          "level1": "Spices & Seasonings",
          "level2": "Dried Herbs"
        }
      ],
      "cateredFlag": false
    },
    {
      "productId": "5006160-EA-000",
      "brand": "Pams",
      "name": "Chicken Bacon & Mozzarella Tortellini",
      "displayName": "300g",
      "availability": [
        "IN_STORE",
        "ONLINE"
      ],
      "saleType": "UNITS",
      "restrictedFlag": false,
      "liquorFlag": false,
      "tobaccoFlag": false,
      "originRegulated": false,
      "singlePrice": {
        "price": 419,
        "comparativePrice": {
          "pricePerUnit": 140,
          "unitQuantity": 100,
          "unitQuantityUom": "g",
          "measureDescription": "100g"
        }
      },
      "facets": [
        {
          "itemCode": "00020012",
          "itemDescription": "Non-GMO"
        }
      ],
      "categoryTrees": [
        {
          "level0": "Pantry",
          "level1": "Pasta, Rice & Noodles",
          "level2": "Fresh Pastas"
        }
      ],
      "cateredFlag": false
    },
    {
      "productId": "5090793-EA-000",
      "brand": "Value",
      "name": "Creamed Clover Blend Honey",
      "displayName": "500g",
      "availability": [
        "IN_STORE",
        "ONLINE"
      ],
      "saleType": "UNITS",
      "restrictedFlag": false,
      "liquorFlag": false,
      "tobaccoFlag": false,
      "originRegulated": false,
      "singlePrice": {
        "price": 599,
        "comparativePrice": {
          "pricePerUnit": 120,
          "unitQuantity": 100,
          "unitQuantityUom": "g",
          "measureDescription": "100g"
        }
      },
      "facets": [
        {
          "itemCode": "00020007",
          "itemDescription": "Dairy Free"
        },
        {
          "itemCode": "00020012",
          "itemDescription": "Non-GMO"
        }
      ],
      "categoryTrees": [
        {
          "level0": "Pantry",
          "level1": "Jams, Honey & Spreads",
          "level2": "Honey"
        }
      ],
      "cateredFlag": false
    },
    {
      "productId": "5009885-EA-000",
      "brand": "Continental",
      "name": "Original Cream Of Mushroom Cup a Soup",
      "displayName": "4 x 17.5g",
      "availability": [
        "IN_STORE",
        "ONLINE"
      ],
      "saleType": "UNITS",
      "restrictedFlag": false,
      "liquorFlag": false,
      "tobaccoFlag": false,
      "originRegulated": false,
      "singlePrice": {
        "price": 199,
        "promoId": "128943402",
        "comparativePrice": {
          "pricePerUnit": 284,
          "unitQuantity": 100,
          "unitQuantityUom": "g",
          "measureDescription": "100g"
        }
      },
      "promotions": [
        {
          "promoId": "128943402",
          "rewardValue": 199,
          "decal": "6000",
          "sapType": "BASE",
          "rewardType": "NEW_PRICE",
          "threshold": 1,
          "limit": 0,
          "multiProducts": false,
          "cardDependencyFlag": false,
          "bestPromotion": true,
          "comparativePrice": {
            "pricePerUnit": 284,
            "unitQuantity": 100,
            "unitQuantityUom": "g",
            "measureDescription": "100g"
          }
        }
      ],
      "facets": [
        {
          "itemCode": "00020009",
          "itemDescription": "Low Fat"
        },
        {
          "itemCode": "00020012",
          "itemDescription": "Non-GMO"
        }
      ],
      "categoryTrees": [
        {
          "level0": "Pantry",
          "level1": "Canned & Prepared Foods",
          "level2": "Packet Soup"
        },
        {
          "level0": "Meal Spot",
          "level1": "Ready to Heat",
          "level2": "Packet Soup"
        }
      ],
      "cateredFlag": false
    },
    {
      "productId": "5002630-EA-000",
      "brand": "High Mark",
      "name": "Crispy Noodles Traditional Flavour",
      "displayName": "140g",
      "availability": [
        "IN_STORE",
        "ONLINE"
      ],
      "saleType": "UNITS",
      "restrictedFlag": false,
      "liquorFlag": false,
      "tobaccoFlag": false,
      "originRegulated": false,
      "singlePrice": {
        "price": 219,
        "comparativePrice": {
          "pricePerUnit": 156,
          "unitQuantity": 100,
          "unitQuantityUom": "g",
          "measureDescription": "100g"
        }
      },
      "facets": [
        {
          "itemCode": "00020012",
          "itemDescription": "Non-GMO"
        }
      ],
      "categoryTrees": [
        {
          "level0": "Pantry",
          "level1": "Pasta, Rice & Noodles",
          "level2": "Noodle Meals"
        },
        {
          "level0": "Meal Spot",
          "level1": "Ready to Cook",
          "level2": "Noodle Meals"
        }
      ],
      "cateredFlag": false
    },
    {
      "productId": "5010525-EA-000",
      "brand": "Mentos",
      "name": "Fruit Roll",
      "displayName": "37.5g",
      "availability": [
        "IN_STORE",
        "ONLINE"
      ],
      "saleType": "UNITS",
      "restrictedFlag": false,
      "liquorFlag": false,
      "tobaccoFlag": false,
      "originRegulated": false,
      "singlePrice": {
        "price": 129,
        "comparativePrice": {
          "pricePerUnit": 344,
          "unitQuantity": 100,
          "unitQuantityUom": "g",
          "measureDescription": "100g"
        }
      },
      "categoryTrees": [
        {
          "level0": "Pantry",
          "level1": "Confectionery",
          "level2": "Novelty Bars & Singles"
        }
      ],
      "cateredFlag": false
    },
    {
      "productId": "5023319-EA-000",
      "brand": "Taste of India",
      "name": "Butter Chicken Simmer Sauce",
      "displayName": "425g",
      "availability": [
        "IN_STORE",
        "ONLINE"
      ],
      "saleType": "UNITS",
      "restrictedFlag": false,
      "liquorFlag": false,
      "tobaccoFlag": false,
      "originRegulated": false,
      "singlePrice": {
        "price": 439,
        "comparativePrice": {
          "pricePerUnit": 103,
          "unitQuantity": 100,
          "unitQuantityUom": "g",
          "measureDescription": "100g"
        }
      },
      "facets": [
        {
          "itemCode": "00020012",
          "itemDescription": "Non-GMO"
        },
        {
          "itemCode": "00020004",
          "itemDescription": "Gluten Free"
        }
      ],
      "categoryTrees": [
        {
          "level0": "Pantry",
          "level1": "Sauces, Stock & Marinades",
          "level2": "Curry Pastes & Sauces"
        }
      ],
      "cateredFlag": false
    },
    {
      "productId": "5013407-EA-000",
      "brand": "Alfa One",
      "name": "Rice Bran Oil",
      "displayName": "1l",
      "availability": [
        "IN_STORE",
        "ONLINE"
      ],
      "saleType": "UNITS",
      "restrictedFlag": false,
      "liquorFlag": false,
      "tobaccoFlag": false,
      "originRegulated": false,
      "singlePrice": {
        "price": 799,
        "comparativePrice": {
          "pricePerUnit": 80,
          "unitQuantity": 100,
          "unitQuantityUom": "ml",
          "measureDescription": "100ml"
        }
      },
      "facets": [
        {
          "itemCode": "00020012",
          "itemDescription": "Non-GMO"
        }
      ],
      "categoryTrees": [
        {
          "level0": "Pantry",
          "level1": "Salad & Cooking Oils",
          "level2": "Rice Bran Oils"
        }
      ],
      "cateredFlag": false
    },
    {
      "productId": "5010948-EA-000",
      "brand": "Whittaker's",
      "name": "Mini Size Peanut Slab 12 Chocolate Bars",
      "displayName": "12 x 15g",
      "availability": [
        "IN_STORE",
        "ONLINE"
      ],
      "saleType": "UNITS",
      "restrictedFlag": false,
      "liquorFlag": false,
      "tobaccoFlag": false,
      "originRegulated": false,
      "singlePrice": {
        "price": 609,
        "comparativePrice": {
          "pricePerUnit": 338,
          "unitQuantity": 100,
          "unitQuantityUom": "g",
          "measureDescription": "100g"
        }
      },
      "categoryTrees": [
        {
          "level0": "Pantry",
          "level1": "Confectionery",
          "level2": "Chocolate Family Bags"
        },
        {
          "level0": "Featured",
          "level1": "Halloween",
          "level2": "Confectionery"
        }
      ],
      "cateredFlag": false
    },
    {
      "productId": "5012839-EA-000",
      "brand": "San Remo",
      "name": "La Pasta Carbonara Pasta & Sauce Single Snack",
      "displayName": "80g",
      "availability": [
        "IN_STORE",
        "ONLINE"
      ],
      "saleType": "UNITS",
      "restrictedFlag": false,
      "liquorFlag": false,
      "tobaccoFlag": false,
      "originRegulated": false,
      "singlePrice": {
        "price": 119,
        "comparativePrice": {
          "pricePerUnit": 149,
          "unitQuantity": 100,
          "unitQuantityUom": "g",
          "measureDescription": "100g"
        }
      },
      "facets": [
        {
          "itemCode": "00020012",
          "itemDescription": "Non-GMO"
        }
      ],
      "categoryTrees": [
        {
          "level0": "Pantry",
          "level1": "Pasta, Rice & Noodles",
          "level2": "Pasta Meals"
        },
        {
          "level0": "Meal Spot",
          "level1": "Ready to Cook",
          "level2": "Pasta Meals"
        }
      ],
      "cateredFlag": false
    },
    {
      "productId": "5010460-EA-000",
      "brand": "Fabulicious",
      "name": "Raspberry Twister",
      "displayName": "200g",
      "availability": [
        "IN_STORE",
        "ONLINE"
      ],
      "saleType": "UNITS",
      "restrictedFlag": false,
      "liquorFlag": false,
      "tobaccoFlag": false,
      "originRegulated": false,
      "singlePrice": {
        "price": 349,
        "comparativePrice": {
          "pricePerUnit": 175,
          "unitQuantity": 100,
          "unitQuantityUom": "g",
          "measureDescription": "100g"
        }
      },
      "facets": [
        {
          "itemCode": "00020012",
          "itemDescription": "Non-GMO"
        }
      ],
      "categoryTrees": [
        {
          "level0": "Pantry",
          "level1": "Confectionery",
          "level2": "Lollies Family Bags"
        },
        {
          "level0": "Featured",
          "level1": "Halloween",
          "level2": "Confectionery"
        }
      ],
      "cateredFlag": false
    },
    {
      "productId": "5035601-EA-000",
      "brand": "Cadbury",
      "name": "Picnic Chocolate Sharepack",
      "displayName": "180g",
      "availability": [
        "IN_STORE",
        "ONLINE"
      ],
      "saleType": "UNITS",
      "restrictedFlag": false,
      "liquorFlag": false,
      "tobaccoFlag": false,
      "originRegulated": false,
      "singlePrice": {
        "price": 329,
        "promoId": "128944156",
        "comparativePrice": {
          "pricePerUnit": 183,
          "unitQuantity": 100,
          "unitQuantityUom": "g",
          "measureDescription": "100g"
        }
      },
      "promotions": [
        {
          "promoId": "128944156",
          "rewardValue": 329,
          "decal": "6000",
          "sapType": "BASE",
          "rewardType": "NEW_PRICE",
          "threshold": 1,
          "limit": 0,
          "multiProducts": false,
          "cardDependencyFlag": false,
          "bestPromotion": true,
          "comparativePrice": {
            "pricePerUnit": 183,
            "unitQuantity": 100,
            "unitQuantityUom": "g",
            "measureDescription": "100g"
          }
        }
      ],
      "facets": [
        {
          "itemCode": "00020012",
          "itemDescription": "Non-GMO"
        }
      ],
      "categoryTrees": [
        {
          "level0": "Pantry",
          "level1": "Confectionery",
          "level2": "Chocolate Family Bags"
        },
        {
          "level0": "Featured",
          "level1": "Halloween",
          "level2": "Confectionery"
        }
      ],
      "cateredFlag": false
    },
    {
      "productId": "5009886-EA-000",
      "brand": "Continental",
      "name": "Original Tomato Cup a Soup",
      "displayName": "4 x 20g",
      "availability": [
        "IN_STORE",
        "ONLINE"
      ],
      "saleType": "UNITS",
      "restrictedFlag": false,
      "liquorFlag": false,
      "tobaccoFlag": false,
      "originRegulated": false,
      "singlePrice": {
        "price": 199,
        "promoId": "128943402",
        "comparativePrice": {
          "pricePerUnit": 249,
          "unitQuantity": 100,
          "unitQuantityUom": "g",
          "measureDescription": "100g"
        }
      },
      "promotions": [
        {
          "promoId": "128943402",
          "rewardValue": 199,
          "decal": "6000",
          "sapType": "BASE",
          "rewardType": "NEW_PRICE",
          "threshold": 1,
          "limit": 0,
          "multiProducts": false,
          "cardDependencyFlag": false,
          "bestPromotion": true,
          "comparativePrice": {
            "pricePerUnit": 249,
            "unitQuantity": 100,
            "unitQuantityUom": "g",
            "measureDescription": "100g"
          }
        }
      ],
      "facets": [
        {
          "itemCode": "00020009",
          "itemDescription": "Low Fat"
        },
        {
          "itemCode": "00020012",
          "itemDescription": "Non-GMO"
        }
      ],
      "categoryTrees": [
        {
          "level0": "Pantry",
          "level1": "Canned & Prepared Foods",
          "level2": "Packet Soup"
        },
        {
          "level0": "Meal Spot",
          "level1": "Ready to Heat",
          "level2": "Packet Soup"
        }
      ],
      "cateredFlag": false
    },
    {
      "productId": "5023128-EA-000",
      "brand": "Pams",
      "name": "Berry Muesli",
      "displayName": "650g",
      "availability": [
        "IN_STORE",
        "ONLINE"
      ],
      "saleType": "UNITS",
      "restrictedFlag": false,
      "liquorFlag": false,
      "tobaccoFlag": false,
      "originRegulated": false,
      "singlePrice": {
        "price": 449,
        "comparativePrice": {
          "pricePerUnit": 69,
          "unitQuantity": 100,
          "unitQuantityUom": "g",
          "measureDescription": "100g"
        }
      },
      "facets": [
        {
          "itemCode": "00020012",
          "itemDescription": "Non-GMO"
        }
      ],
      "categoryTrees": [
        {
          "level0": "Pantry",
          "level1": "Breakfast Cereals",
          "level2": "Muesli"
        },
        {
          "level0": "Featured",
          "level1": "Pams",
          "level2": "Breakfast Cereals"
        }
      ],
      "cateredFlag": false
    },
    {
      "productId": "5285119-EA-000",
      "brand": "Arnott's Farmbake",
      "name": "Peanut Brownie Biscuits",
      "displayName": "310g",
      "availability": [
        "IN_STORE",
        "ONLINE"
      ],
      "saleType": "UNITS",
      "restrictedFlag": false,
      "liquorFlag": false,
      "tobaccoFlag": false,
      "originRegulated": false,
      "singlePrice": {
        "price": 349,
        "comparativePrice": {
          "pricePerUnit": 113,
          "unitQuantity": 100,
          "unitQuantityUom": "g",
          "measureDescription": "100g"
        }
      },
      "facets": [
        {
          "itemCode": "00020012",
          "itemDescription": "Non-GMO"
        }
      ],
      "categoryTrees": [
        {
          "level0": "Pantry",
          "level1": "Biscuits & Crackers",
          "level2": "Biscuits & Cookies"
        }
      ],
      "cateredFlag": false
    },
    {
      "productId": "5011637-EA-000",
      "brand": "Wattie's",
      "name": "Hot Chilli Beans",
      "displayName": "420g",
      "availability": [
        "IN_STORE",
        "ONLINE"
      ],
      "saleType": "UNITS",
      "restrictedFlag": false,
      "liquorFlag": false,
      "tobaccoFlag": false,
      "originRegulated": false,
      "singlePrice": {
        "price": 279,
        "comparativePrice": {
          "pricePerUnit": 66,
          "unitQuantity": 100,
          "unitQuantityUom": "g",
          "measureDescription": "100g"
        }
      },
      "facets": [
        {
          "itemCode": "00020012",
          "itemDescription": "Non-GMO"
        },
        {
          "itemCode": "00020009",
          "itemDescription": "Low Fat"
        }
      ],
      "categoryTrees": [
        {
          "level0": "Pantry",
          "level1": "Canned & Prepared Foods",
          "level2": "Baked Beans & Spaghetti"
        }
      ],
      "cateredFlag": false
    },
    {
      "productId": "5016476-EA-000",
      "brand": "RJ's",
      "name": "Raspberry Choc Twists",
      "displayName": "280g",
      "availability": [
        "IN_STORE",
        "ONLINE"
      ],
      "saleType": "UNITS",
      "restrictedFlag": false,
      "liquorFlag": false,
      "tobaccoFlag": false,
      "originRegulated": false,
      "singlePrice": {
        "price": 429,
        "promoId": "128923264",
        "comparativePrice": {
          "pricePerUnit": 153,
          "unitQuantity": 100,
          "unitQuantityUom": "g",
          "measureDescription": "100g"
        }
      },
      "promotions": [
        {
          "promoId": "128923264",
          "rewardValue": 429,
          "decal": "6000",
          "sapType": "BASE",
          "rewardType": "NEW_PRICE",
          "threshold": 1,
          "limit": 0,
          "multiProducts": false,
          "cardDependencyFlag": false,
          "bestPromotion": true,
          "comparativePrice": {
            "pricePerUnit": 153,
            "unitQuantity": 100,
            "unitQuantityUom": "g",
            "measureDescription": "100g"
          }
        }
      ],
      "categoryTrees": [
        {
          "level0": "Pantry",
          "level1": "Confectionery",
          "level2": "Liquorice"
        }
      ],
      "cateredFlag": false
    },
    {
      "productId": "5234250-EA-000",
      "brand": "Heartland",
      "name": "Maple Bacon Old-Fashioned Wave Cut Chips",
      "displayName": "150g",
      "availability": [
        "IN_STORE",
        "ONLINE"
      ],
      "saleType": "UNITS",
      "restrictedFlag": false,
      "liquorFlag": false,
      "tobaccoFlag": false,
      "originRegulated": false,
      "singlePrice": {
        "price": 249,
        "promoId": "128944271",
        "comparativePrice": {
          "pricePerUnit": 166,
          "unitQuantity": 100,
          "unitQuantityUom": "g",
          "measureDescription": "100g"
        }
      },
      "promotions": [
        {
          "promoId": "128944326",
          "rewardValue": 400,
          "decal": "6000",
          "sapType": "LAYERED",
          "rewardType": "NEW_PRICE",
          "threshold": 2,
          "multiProducts": true,
          "cardDependencyFlag": false,
          "bestPromotion": true,
          "comparativePrice": {
            "pricePerUnit": 133,
            "unitQuantity": 100,
            "unitQuantityUom": "g",
            "measureDescription": "100g"
          }
        }
      ],
      "facets": [
        {
          "itemCode": "00020004",
          "itemDescription": "Gluten Free"
        }
      ],
      "categoryTrees": [
        {
          "level0": "Pantry",
          "level1": "Snack Foods",
          "level2": "Potato Chips"
        }
      ],
      "cateredFlag": false
    },
    {
      "productId": "5034682-EA-000",
      "brand": "Pams",
      "name": "Panko Breadcrumbs",
      "displayName": "220g",
      "availability": [
        "IN_STORE",
        "ONLINE"
      ],
      "saleType": "UNITS",
      "restrictedFlag": false,
      "liquorFlag": false,
      "tobaccoFlag": false,
      "originRegulated": false,
      "singlePrice": {
        "price": 269,
        "comparativePrice": {
          "pricePerUnit": 122,
          "unitQuantity": 100,
          "unitQuantityUom": "g",
          "measureDescription": "100g"
        }
      },
      "facets": [
        {
          "itemCode": "00020012",
          "itemDescription": "Non-GMO"
        }
      ],
      "categoryTrees": [
        {
          "level0": "Pantry",
          "level1": "Baking Supplies & Sugar",
          "level2": "Breadcrumbs & Coatings"
        },
        {
          "level0": "Featured",
          "level1": "Pams",
          "level2": "Baking Supplies & Sugar"
        }
      ],
      "cateredFlag": false
    },
    {
      "productId": "5010524-EA-000",
      "brand": "Mentos",
      "name": "Mint Roll",
      "displayName": "37.5g",
      "availability": [
        "IN_STORE",
        "ONLINE"
      ],
      "saleType": "UNITS",
      "restrictedFlag": false,
      "liquorFlag": false,
      "tobaccoFlag": false,
      "originRegulated": false,
      "singlePrice": {
        "price": 129,
        "comparativePrice": {
          "pricePerUnit": 344,
          "unitQuantity": 100,
          "unitQuantityUom": "g",
          "measureDescription": "100g"
        }
      },
      "categoryTrees": [
        {
          "level0": "Pantry",
          "level1": "Confectionery",
          "level2": "Chewing Gum & Mints"
        }
      ],
      "cateredFlag": false
    },
    {
      "productId": "5003693-EA-000",
      "brand": "Pams",
      "name": "Pink Salmon",
      "displayName": "210g",
      "availability": [
        "IN_STORE",
        "ONLINE"
      ],
      "saleType": "UNITS",
      "restrictedFlag": false,
      "liquorFlag": false,
      "tobaccoFlag": false,
      "originRegulated": false,
      "singlePrice": {
        "price": 499,
        "comparativePrice": {
          "pricePerUnit": 2376,
          "unitQuantity": 1,
          "unitQuantityUom": "kg",
          "measureDescription": "1kg"
        }
      },
      "facets": [
        {
          "itemCode": "00020012",
          "itemDescription": "Non-GMO"
        },
        {
          "itemCode": "00020007",
          "itemDescription": "Dairy Free"
        }
      ],
      "categoryTrees": [
        {
          "level0": "Pantry",
          "level1": "Canned & Prepared Foods",
          "level2": "Canned Fish"
        },
        {
          "level0": "Featured",
          "level1": "Pams",
          "level2": "Canned & Prepared Foods"
        }
      ],
      "cateredFlag": false
    }
  ],
  "algoliaSearchResult": {
    "facets": {
      "brand": {
        "Pams": 315,
        "Wattie's": 91,
        "Tasti": 86,
        "Gregg's": 58,
        "Masterfoods": 57,
        "Continental": 53,
        "Maggi": 52,
        "Mother Earth": 48,
        "Mrs Rogers": 46,
        "Ceres Organics": 42,
        "Griffin's": 38,
        "Healtheries": 37,
        "Whittaker's": 37,
        "Nestle": 36,
        "Graze": 34,
        "Nescafe": 34,
        "Cadbury": 33,
        "Kellogg's": 30,
        "Lee Kum Kee": 30,
        "Sealord": 29,
        "Barker's": 28,
        "Avalanche": 26,
        "Edmonds": 26,
        "Delmaine": 25,
        "Diamond": 25,
        "Hubbards": 25,
        "Value": 25,
        "Moccona": 24,
        "Heinz": 22,
        "John West": 22,
        "Bluebird": 21,
        "Eta": 21,
        "Trident": 21,
        "Cinderella": 20,
        "Heartland": 20,
        "Red Seal": 20,
        "Chelsea": 19,
        "Jed's Coffee Co.": 19,
        "Patak's": 19,
        "SunRice": 19,
        "L'affare": 18,
        "One Square Meal": 18,
        "Anathoth Farm": 16,
        "Campbell's": 16,
        "Cookie Time": 16,
        "Fix & Fogg": 16,
        "Old El Paso": 16,
        "RJ's": 16,
        "Robert Harris": 16,
        "San Remo": 16,
        "Arnott's": 15,
        "Bell": 15,
        "Dilmah": 15,
        "Nice & Natural": 15,
        "Cadbury Dairy Milk": 14,
        "Lindt": 14,
        "Rum and Que": 14,
        "Sanitarium Up & Go": 14,
        "Exotic Food": 13,
        "Havana": 13,
        "Tom & Luke": 13,
        "Vogel's": 13,
        "Ben's": 12,
        "Dolmio": 12,
        "Golden Sun": 12,
        "L'OR": 12,
        "OB Finest": 12,
        "Pic's": 12,
        "Queen": 12,
        "The Olive Lady": 12,
        "Arataki": 11,
        "Frooze Balls": 11,
        "Gourmet Garden": 11,
        "Huntley & Palmers": 11,
        "Indomie": 11,
        "Kashish": 11,
        "Leggo's": 11,
        "Mama San": 11,
        "Spice Tree": 11,
        "Wrigley's Extra": 11,
        "Arnott's Shapes": 10,
        "Culley's Kitchen": 10,
        "Doritos": 10,
        "High Mark": 10,
        "Hummingbird": 10,
        "M&M's": 10,
        "Massel": 10,
        "Nongshim": 10,
        "Oreo": 10,
        "Pams Value": 10,
        "Pascall": 10,
        "Betty Crocker": 9,
        "Harraways": 9,
        "Mexicano": 9,
        "Tonzu": 9,
        "Urja": 9,
        "Fantastic": 8,
        "Naked Kitchen": 8,
        "Pams Finest": 8,
        "Rana": 8
      },
      "category1NI": {
        "Snack Foods": 496,
        "Canned & Prepared Foods": 396,
        "Hot Drinks": 342,
        "Sauces, Stock & Marinades": 298,
        "Confectionery": 286,
        "Baking Supplies & Sugar": 285,
        "Biscuits & Crackers": 250,
        "Pasta, Rice & Noodles": 230,
        "Condiments & Dressings": 227,
        "Spices & Seasonings": 198,
        "Pams": 191,
        "Breakfast Cereals": 146,
        "World Foods": 133,
        "Halloween": 113,
        "Jams, Honey & Spreads": 111,
        "Ready to Cook": 70,
        "Ready to Heat": 68,
        "Salad & Cooking Oils": 47,
        "Deli, Salads & Cooked Meats": 14,
        "Butchery": 5,
        "Health & Wellness": 3,
        "Cold Drinks": 1,
        "Dairy & Eggs": 1
      },
      "onPromotion": {
        "61dd754e-8525-4b9e-9e08-173389eea8a8": 996,
        "4a279605-eaa8-470d-bcd4-0a9e3c9ab43b": 982,
        "5cf0392f-c187-4fc4-a463-eb269d2e8f45": 972,
        "b29a98bd-749c-489c-9eef-6aa38e66a29b": 960,
        "c3f9e1a3-fc34-452d-af2e-95349e666ba4": 951,
        "90082979-fb9f-4305-9c72-83274fc438cc": 946,
        "d8032da3-c1b9-456e-b626-41ce21f8c67b": 940,
        "be4c4780-218e-425a-a90f-63e21773572b": 936,
        "dbca5e00-f7f9-43ae-91de-031ad16f8a92": 928,
        "715f0e22-95e0-45ce-af3a-07057209976e": 913,
        "2ed73be8-936d-4f35-9398-75a707f40a7b": 883,
        "3c5e3145-0767-4066-9349-6c0a1313acc5": 869,
        "8cd700ae-d96f-4761-bd7a-805d6b93536d": 853,
        "21ecaaed-0749-4492-985e-4bb7ba43d59c": 778,
        "64eab5b1-8d79-45f4-94f1-02b8cf8b6202": 751,
        "01a114de-149c-4f5f-80a1-90cc63f69c6e": 732,
        "b92cc33f-b5a8-4b57-9b82-412946800020": 727,
        "33d8d6fc-861a-45ff-9937-5ccdb55eaede": 695,
        "7d48a781-4f68-4c91-a908-8659e1b22f95": 674,
        "92086ded-a55d-4241-a364-7d7ea91531b4": 671,
        "e1925ea7-01bc-4358-ae7c-c6502da5ab12": 662,
        "d6d39eea-889d-4e20-923c-55cab225cf7f": 660,
        "3bfe040b-f0c9-45e0-949b-b9ad5a591d55": 651,
        "c180a72d-5dbe-4403-b7c7-91655e505492": 632,
        "49037947-e450-49bf-ba1f-a94551c79a72": 615,
        "5f167936-79ae-4f6a-b9d2-74afe1bb096b": 613,
        "714431ab-6e39-4df6-ac77-cfc5c1e25bc8": 609,
        "c2204dae-579e-4b6b-9d42-2e13ceaa6031": 589,
        "1c388d5e-29ac-4956-b476-cb3431353d2e": 588,
        "15e6f441-5c1c-4d25-b4ec-1adf918c49c7": 585,
        "3bb30799-82ce-4648-8c02-5113228963ed": 577,
        "8f0d70be-5cb7-464b-99cb-8b0130671895": 577,
        "48dd98cc-a757-4102-b15d-ea82b4b10571": 575,
        "a7d09522-bee2-41e4-8fe0-0b82b7f342f5": 573,
        "b2e98a14-c8ca-401e-99ed-edf74570c6f6": 572,
        "c0f80e87-16be-4488-9553-da437e8c6c2a": 569,
        "4fcc1c8e-cc5e-4675-ba25-5e56b579cf69": 561,
        "65defcf2-bc15-490e-a84f-1f13b769cd22": 559,
        "6c73764e-b8e6-4e55-ad37-f6a9d207da1f": 558,
        "d1cd1fdd-8767-46a6-a8d3-c3e0632c2dc8": 558,
        "6cda96e1-7d29-44a6-956b-3fcfdecc8184": 553,
        "6e6809dd-01bc-45c9-aab1-f01ccd8338b0": 553,
        "529d66cc-60e3-432e-b8d1-efc9f2ec4919": 551,
        "60561e46-ece7-43a7-b142-9b14812586e4": 551,
        "3404c253-577f-45ca-b301-c98312e46efb": 546,
        "98ec3885-ac93-4fcb-807b-59c9055c52c4": 537,
        "af385423-d0f1-41f0-9482-ffd10b745143": 534,
        "53989945-1a28-481d-a61c-d6f75f760ada": 530,
        "3e82142c-78dc-46f3-82ec-28e65fcf84c9": 512,
        "076e8177-943b-41fc-a885-ba3d28297acf": 508,
        "b83029b6-5dd5-449e-8056-26f3943a4e18": 505,
        "50b1216b-d066-4457-b88b-9bccf97bf6d3": 501,
        "9cd8eb60-3222-4efc-bd7c-50e03e6a81a4": 500,
        "b39562a4-2b72-43fe-b9ba-eda1d651ad0b": 489,
        "94ef1985-cab1-4b39-a2f3-230120f03c16": 447
      },
      "productFacets": {
        "Non-GMO": 1840,
        "Gluten Free": 555,
        "Vegetarian": 252,
        "Dairy Free": 242,
        "Low Fat": 222,
        "Vegan": 209,
        "Low Sugar": 147,
        "Organic": 144,
        "Halal": 91,
        "Free Range": 40,
        "Keto": 21,
        "Low Salt": 20,
        "Cage Free": 4
      }
    }
  },
  "totalHits": 1000,
  "page": 9,
  "totalPages": 20,
  "hitsPerPage": 50
}
