{
  "tobaccoProducts": false,
  "products": [
    {
      "productId": "5219647-EA-000",
      "brand": "Value",
      "name": "Seasonal Salad Leaves",
      "displayName": "150g",
      "availability": [
        "IN_STORE",
        "ONLINE"
      ],
      "saleType": "UNITS",
      "restrictedFlag": false,
      "liquorFlag": false,
      "tobaccoFlag": false,
      "originRegulated": false,
      "singlePrice": {
        "price": 399,
        "comparativePrice": {
          "pricePerUnit": 2660,
          "unitQuantity": 1,
          "unitQuantityUom": "kg",
          "measureDescription": "1kg"
        }
      },
      "categoryTrees": [
        {
          "level0": "Fresh Foods & Bakery",
          "level1": "Fruit & Vegetables",
          "level2": "Salad Bags"
        }
      ],
      "cateredFlag": false
    },
    {
      "productId": "5221897-EA-000",
      "brand": "Seasons",
      "name": "3 Pepper & Cashew With Smoked Paprika Chunky Dip",
      "displayName": "140g",
      "availability": [
        "IN_STORE",
        "ONLINE"
      ],
      "saleType": "UNITS",
      "restrictedFlag": false,
      "liquorFlag": false,
      "tobaccoFlag": false,
      "originRegulated": false,
      "singlePrice": {
        "price": 399,
        "promoId": "128944026",
        "comparativePrice": {
          "pricePerUnit": 285,
          "unitQuantity": 100,
          "unitQuantityUom": "g",
          "measureDescription": "100g"
        }
      },
      "promotions": [
        {
          "promoId": "128944026",
          "rewardValue": 399,
          "decal": "6000",
          "sapType": "BASE",
          "rewardType": "NEW_PRICE",
          "threshold": 1,
          "limit": 0,
          "multiProducts": false,
          "cardDependencyFlag": false,
          "bestPromotion": true,
          "comparativePrice": {
            "pricePerUnit": 285,
            "unitQuantity": 100,
            "unitQuantityUom": "g",
            "measureDescription": "100g"
          }
        }
      ],
      "facets": [
        {
          "itemCode": "00020007",
          "itemDescription": "Dairy Free"
        },
        {
          "itemCode": "00020004",
          "itemDescription": "Gluten Free"
        },
        {
          "itemCode": "00020013",
          "itemDescription": "Vegan"
        },
        {
          "itemCode": "00020012",
          "itemDescription": "Non-GMO"
        }
      ],
      "categoryTrees": [
        {
          "level0": "Fresh Foods & Bakery",
          "level1": "Deli, Salads & Cooked Meats",
          "level2": "Dips, Pesto & Pate"
        }
      ],
      "cateredFlag": false
    },
    {
      "productId": "5287582-EA-000",
      "brand": "Fresh 'n Fruity",
      "name": "Greek Natural Thick 'n Creamy Yoghurt",
      "displayName": "4 x 125g",
      "availability": [
        "IN_STORE",
        "ONLINE"
      ],
      "saleType": "UNITS",
      "restrictedFlag": false,
      "liquorFlag": false,
      "tobaccoFlag": false,
      "originRegulated": false,
      "singlePrice": {
        "price": 549,
        "comparativePrice": {
          "pricePerUnit": 110,
          "unitQuantity": 100,
          "unitQuantityUom": "g",
          "measureDescription": "100g"
        }
      },
      "facets": [
        {
          "itemCode": "00020012",
          "itemDescription": "Non-GMO"
        },
        {
          "itemCode": "00020009",
          "itemDescription": "Low Fat"
        }
      ],
      "categoryTrees": [
        {
          "level0": "Fresh Foods & Bakery",
          "level1": "Dairy & Eggs",
          "level2": "Yoghurt & Dairy Food"
        },
        {
          "level0": "Chilled, Frozen & Desserts",
          "level1": "Dairy & Eggs",
          "level2": "Yoghurt & Dairy Food"
        }
      ],
      "cateredFlag": false
    },
    {
      "productId": "5015073-EA-000",
      "brand": "Hellers",
      "name": "Shaved Smoked Chicken",
      "displayName": "200g",
      "availability": [
        "IN_STORE",
        "ONLINE"
      ],
      "saleType": "UNITS",
      "restrictedFlag": false,
      "liquorFlag": false,
      "tobaccoFlag": false,
      "originRegulated": false,
      "singlePrice": {
        "price": 449,
        "comparativePrice": {
          "pricePerUnit": 2245,
          "unitQuantity": 1,
          "unitQuantityUom": "kg",
          "measureDescription": "1kg"
        }
      },
      "facets": [
        {
          "itemCode": "00020012",
          "itemDescription": "Non-GMO"
        },
        {
          "itemCode": "00020009",
          "itemDescription": "Low Fat"
        },
        {
          "itemCode": "00020007",
          "itemDescription": "Dairy Free"
        }
      ],
      "categoryTrees": [
        {
          "level0": "Fresh Foods & Bakery",
          "level1": "Deli, Salads & Cooked Meats",
          "level2": "PreCooked Chicken & Poultry"
        }
      ],
      "cateredFlag": false
    },
    {
      "productId": "5209674-EA-000",
      "brand": "Value",
      "name": "Garlic Marinated Mussels",
      "displayName": "700g",
      "availability": [
        "IN_STORE",
        "ONLINE"
      ],
      "saleType": "UNITS",
      "restrictedFlag": false,
      "liquorFlag": false,
      "tobaccoFlag": false,
      "originRegulated": false,
      "singlePrice": {
        "price": 1149,
        "comparativePrice": {
          "pricePerUnit": 1641,
          "unitQuantity": 1,
          "unitQuantityUom": "kg",
          "measureDescription": "1kg"
        }
      },
      "facets": [
        {
          "itemCode": "00020012",
          "itemDescription": "Non-GMO"
        }
      ],
      "categoryTrees": [
        {
          "level0": "Fresh Foods & Bakery",
          "level1": "Seafood",
          "level2": "Fresh Shellfish"
        }
      ],
      "cateredFlag": false
    },
    {
      "productId": "5278478-EA-000",
      "name": "Roasted Salted Peanuts Refill Pack",
      "displayName": "500g",
      "availability": [
        "IN_STORE",
        "ONLINE"
      ],
      "saleType": "UNITS",
      "restrictedFlag": false,
      "liquorFlag": false,
      "tobaccoFlag": false,
      "originRegulated": false,
      "singlePrice": {
        "price": 500,
        "comparativePrice": {
          "pricePerUnit": 100,
          "unitQuantity": 100,
          "unitQuantityUom": "g",
          "measureDescription": "100g"
        }
      },
      "categoryTrees": [
        {
          "level0": "Fresh Foods & Bakery",
          "level1": "Bulk & Loose Foods",
          "level2": "Bulk Nuts"
        }
      ],
      "cateredFlag": false
    },
    {
      "productId": "5269885-EA-000",
      "brand": "Bostock Brothers",
      "name": "100% Certified Organic Free Range Chicken Drumsticks",
      "displayName": "900g",
      "availability": [
        "IN_STORE",
        "ONLINE"
      ],
      "saleType": "UNITS",
      "restrictedFlag": false,
      "liquorFlag": false,
      "tobaccoFlag": false,
      "originRegulated": true,
      "originStatement": "Product of New Zealand",
      "singlePrice": {
        "price": 1279,
        "comparativePrice": {
          "pricePerUnit": 1421,
          "unitQuantity": 1,
          "unitQuantityUom": "kg",
          "measureDescription": "1kg"
        }
      },
      "facets": [
        {
          "itemCode": "00020003",
          "itemDescription": "Free Range"
        },
        {
          "itemCode": "00020001",
          "itemDescription": "Organic"
        },
        {
          "itemCode": "00020012",
          "itemDescription": "Non-GMO"
        }
      ],
      "categoryTrees": [
        {
          "level0": "Fresh Foods & Bakery",
          "level1": "Butchery",
          "level2": "PrePacked Chicken & Poultry"
        }
      ],
      "cateredFlag": false
    },
    {
      "productId": "5040817-EA-000",
      "name": "Bunched Parsley",
      "displayName": "ea",
      "availability": [
        "IN_STORE",
        "ONLINE"
      ],
      "saleType": "UNITS",
      "restrictedFlag": false,
      "liquorFlag": false,
      "tobaccoFlag": false,
      "originRegulated": true,
      "originStatement": "Product of New Zealand",
      "singlePrice": {
        "price": 369
      },
      "categoryTrees": [
        {
          "level0": "Fresh Foods & Bakery",
          "level1": "Fruit & Vegetables",
          "level2": "Fresh Herbs"
        }
      ],
      "cateredFlag": false
    },
    {
      "productId": "5101178-KGM-000",
      "name": "Whole Natural Almonds",
      "displayName": "kg",
      "availability": [
        "IN_STORE",
        "ONLINE"
      ],
      "saleType": "WEIGHT",
      "restrictedFlag": false,
      "liquorFlag": false,
      "tobaccoFlag": false,
      "originRegulated": false,
      "variableWeight": {
        "minOrderQuantity": 100,
        "stepSize": 50,
        "stepUnitOfMeasure": "g"
      },
      "singlePrice": {
        "price": 2350,
        "promoId": "128943169",
        "comparativePrice": {
          "pricePerUnit": 235,
          "unitQuantity": 100,
          "unitQuantityUom": "g",
          "measureDescription": "100g"
        }
      },
      "promotions": [
        {
          "promoId": "128943169",
          "rewardValue": 2350,
          "decal": "6000",
          "sapType": "BASE",
          "rewardType": "NEW_PRICE",
          "threshold": 1,
          "limit": 0,
          "multiProducts": false,
          "cardDependencyFlag": false,
          "bestPromotion": true,
          "comparativePrice": {
            "pricePerUnit": 235,
            "unitQuantity": 100,
            "unitQuantityUom": "g",
            "measureDescription": "100g"
          }
        }
      ],
      "facets": [
        {
          "itemCode": "00020012",
          "itemDescription": "Non-GMO"
        }
      ],
      "categoryTrees": [
        {
          "level0": "Fresh Foods & Bakery",
          "level1": "Bulk & Loose Foods",
          "level2": "Bulk Nuts"
        }
      ],
      "cateredFlag": false
    },
    {
      "productId": "5005442-EA-000",
      "brand": "Freedom Farms",
      "name": "Rindless Eye Bacon",
      "displayName": "250g",
      "availability": [
        "IN_STORE",
        "ONLINE"
      ],
      "saleType": "UNITS",
      "restrictedFlag": false,
      "liquorFlag": false,
      "tobaccoFlag": false,
      "originRegulated": true,
      "originStatement": "Product of New Zealand",
      "singlePrice": {
        "price": 1299,
        "comparativePrice": {
          "pricePerUnit": 5196,
          "unitQuantity": 1,
          "unitQuantityUom": "kg",
          "measureDescription": "1kg"
        }
      },
      "facets": [
        {
          "itemCode": "00020004",
          "itemDescription": "Gluten Free"
        }
      ],
      "categoryTrees": [
        {
          "level0": "Fresh Foods & Bakery",
          "level1": "Deli, Salads & Cooked Meats",
          "level2": "Bacon"
        }
      ],
      "cateredFlag": false
    },
    {
      "productId": "5010014-EA-000",
      "brand": "Verkerks",
      "name": "Mini Danish Salami",
      "displayName": "300g",
      "availability": [
        "IN_STORE",
        "ONLINE"
      ],
      "saleType": "UNITS",
      "restrictedFlag": false,
      "liquorFlag": false,
      "tobaccoFlag": false,
      "originRegulated": false,
      "singlePrice": {
        "price": 1049,
        "comparativePrice": {
          "pricePerUnit": 3497,
          "unitQuantity": 1,
          "unitQuantityUom": "kg",
          "measureDescription": "1kg"
        }
      },
      "facets": [
        {
          "itemCode": "00020004",
          "itemDescription": "Gluten Free"
        },
        {
          "itemCode": "00020012",
          "itemDescription": "Non-GMO"
        }
      ],
      "categoryTrees": [
        {
          "level0": "Fresh Foods & Bakery",
          "level1": "Deli, Salads & Cooked Meats",
          "level2": "Continental Sausage & Salami"
        }
      ],
      "cateredFlag": false
    },
    {
      "productId": "5015746-EA-000",
      "brand": "Lisa's",
      "name": "Toppings Creamy Hummus With Dukkah & Pistachio",
      "displayName": "200g",
      "availability": [
        "IN_STORE",
        "ONLINE"
      ],
      "saleType": "UNITS",
      "restrictedFlag": false,
      "liquorFlag": false,
      "tobaccoFlag": false,
      "originRegulated": false,
      "singlePrice": {
        "price": 529,
        "comparativePrice": {
          "pricePerUnit": 265,
          "unitQuantity": 100,
          "unitQuantityUom": "g",
          "measureDescription": "100g"
        }
      },
      "facets": [
        {
          "itemCode": "00020012",
          "itemDescription": "Non-GMO"
        },
        {
          "itemCode": "00020014",
          "itemDescription": "Vegetarian"
        },
        {
          "itemCode": "00020004",
          "itemDescription": "Gluten Free"
        }
      ],
      "categoryTrees": [
        {
          "level0": "Fresh Foods & Bakery",
          "level1": "Deli, Salads & Cooked Meats",
          "level2": "Hummus"
        }
      ],
      "cateredFlag": false
    },
    {
      "productId": "5272947-EA-000",
      "brand": "Dairyworks",
      "name": "Garlic & Sea Salt Butter",
      "displayName": "100g",
      "availability": [
        "IN_STORE",
        "ONLINE"
      ],
      "saleType": "UNITS",
      "restrictedFlag": false,
      "liquorFlag": false,
      "tobaccoFlag": false,
      "originRegulated": false,
      "singlePrice": {
        "price": 349,
        "comparativePrice": {
          "pricePerUnit": 349,
          "unitQuantity": 100,
          "unitQuantityUom": "g",
          "measureDescription": "100g"
        }
      },
      "facets": [
        {
          "itemCode": "00020012",
          "itemDescription": "Non-GMO"
        },
        {
          "itemCode": "00020014",
          "itemDescription": "Vegetarian"
        }
      ],
      "categoryTrees": [
        {
          "level0": "Fresh Foods & Bakery",
          "level1": "Dairy & Eggs",
          "level2": "Butter & Spreads"
        },
        {
          "level0": "Chilled, Frozen & Desserts",
          "level1": "Dairy & Eggs",
          "level2": "Butter & Spreads"
        }
      ],
      "cateredFlag": false
    },
    {
      "productId": "5046421-EA-000",
      "brand": "Superb Herb",
      "name": "Basil Pot",
      "displayName": "ea",
      "availability": [
        "IN_STORE",
        "ONLINE"
      ],
      "saleType": "UNITS",
      "restrictedFlag": false,
      "liquorFlag": false,
      "tobaccoFlag": false,
      "originRegulated": true,
      "originStatement": "Product of New Zealand",
      "singlePrice": {
        "price": 379
      },
      "categoryTrees": [
        {
          "level0": "Fresh Foods & Bakery",
          "level1": "Fruit & Vegetables",
          "level2": "Fresh Herbs"
        }
      ],
      "cateredFlag": false
    },
    {
      "productId": "5101554-KGM-000",
      "name": "Deluxe Natural Mixed Nuts",
      "displayName": "kg",
      "availability": [
        "IN_STORE",
        "ONLINE"
      ],
      "saleType": "WEIGHT",
      "restrictedFlag": false,
      "liquorFlag": false,
      "tobaccoFlag": false,
      "originRegulated": false,
      "variableWeight": {
        "minOrderQuantity": 100,
        "stepSize": 50,
        "stepUnitOfMeasure": "g"
      },
      "singlePrice": {
        "price": 2950,
        "promoId": "128943185",
        "comparativePrice": {
          "pricePerUnit": 295,
          "unitQuantity": 100,
          "unitQuantityUom": "g",
          "measureDescription": "100g"
        }
      },
      "promotions": [
        {
          "promoId": "128943185",
          "rewardValue": 2950,
          "decal": "6000",
          "sapType": "BASE",
          "rewardType": "NEW_PRICE",
          "threshold": 1,
          "limit": 0,
          "multiProducts": false,
          "cardDependencyFlag": false,
          "bestPromotion": true,
          "comparativePrice": {
            "pricePerUnit": 295,
            "unitQuantity": 100,
            "unitQuantityUom": "g",
            "measureDescription": "100g"
          }
        }
      ],
      "facets": [
        {
          "itemCode": "00020012",
          "itemDescription": "Non-GMO"
        }
      ],
      "categoryTrees": [
        {
          "level0": "Fresh Foods & Bakery",
          "level1": "Bulk & Loose Foods",
          "level2": "Bulk Nuts"
        }
      ],
      "cateredFlag": false
    },
    {
      "productId": "5215479-EA-000",
      "brand": "Quality Bakers",
      "name": "Gluten Free Dairy Free Sourdough Muffin Splits",
      "displayName": "4pk",
      "availability": [
        "IN_STORE",
        "ONLINE"
      ],
      "saleType": "UNITS",
      "restrictedFlag": false,
      "liquorFlag": false,
      "tobaccoFlag": false,
      "originRegulated": false,
      "singlePrice": {
        "price": 699,
        "comparativePrice": {
          "pricePerUnit": 175,
          "unitQuantity": 1,
          "unitQuantityUom": "ea",
          "measureDescription": "ea"
        }
      },
      "facets": [
        {
          "itemCode": "00020012",
          "itemDescription": "Non-GMO"
        },
        {
          "itemCode": "00020004",
          "itemDescription": "Gluten Free"
        }
      ],
      "categoryTrees": [
        {
          "level0": "Fresh Foods & Bakery",
          "level1": "Bakery",
          "level2": "Muffin Splits & Crumpets"
        },
        {
          "level0": "Fresh Foods & Bakery",
          "level1": "Bakery",
          "level2": "Organic & Gluten Free"
        }
      ],
      "cateredFlag": false
    },
    {
      "productId": "5216958-EA-000",
      "brand": "Pams Value",
      "name": "Saveloys",
      "displayName": "2.5kg",
      "availability": [
        "IN_STORE",
        "ONLINE"
      ],
      "saleType": "UNITS",
      "restrictedFlag": false,
      "liquorFlag": false,
      "tobaccoFlag": false,
      "originRegulated": false,
      "singlePrice": {
        "price": 1899,
        "comparativePrice": {
          "pricePerUnit": 760,
          "unitQuantity": 1,
          "unitQuantityUom": "kg",
          "measureDescription": "1kg"
        }
      },
      "facets": [
        {
          "itemCode": "00020002",
          "itemDescription": "Halal"
        },
        {
          "itemCode": "00020004",
          "itemDescription": "Gluten Free"
        },
        {
          "itemCode": "00020012",
          "itemDescription": "Non-GMO"
        }
      ],
      "categoryTrees": [
        {
          "level0": "Fresh Foods & Bakery",
          "level1": "Butchery",
          "level2": "PrePacked Sausages"
        }
      ],
      "cateredFlag": false
    },
    {
      "productId": "5225991-EA-000",
      "brand": "Venerdi",
      "name": "Gluten Freedom Sweet Potato Sourdough Buns",
      "displayName": "300g",
      "availability": [
        "IN_STORE",
        "ONLINE"
      ],
      "saleType": "UNITS",
      "restrictedFlag": false,
      "liquorFlag": false,
      "tobaccoFlag": false,
      "originRegulated": false,
      "singlePrice": {
        "price": 729,
        "comparativePrice": {
          "pricePerUnit": 243,
          "unitQuantity": 100,
          "unitQuantityUom": "g",
          "measureDescription": "100g"
        }
      },
      "facets": [
        {
          "itemCode": "00020007",
          "itemDescription": "Dairy Free"
        },
        {
          "itemCode": "00020004",
          "itemDescription": "Gluten Free"
        }
      ],
      "categoryTrees": [
        {
          "level0": "Fresh Foods & Bakery",
          "level1": "Bakery",
          "level2": "Organic & Gluten Free"
        }
      ],
      "cateredFlag": false
    },
    {
      "productId": "5241965-EA-000",
      "brand": "Lewis Road Creamery",
      "name": "Spreadable Butter",
      "displayName": "250g",
      "availability": [
        "IN_STORE",
        "ONLINE"
      ],
      "saleType": "UNITS",
      "restrictedFlag": false,
      "liquorFlag": false,
      "tobaccoFlag": false,
      "originRegulated": false,
      "singlePrice": {
        "price": 699,
        "promoId": "128943307",
        "comparativePrice": {
          "pricePerUnit": 280,
          "unitQuantity": 100,
          "unitQuantityUom": "g",
          "measureDescription": "100g"
        }
      },
      "promotions": [
        {
          "promoId": "128943307",
          "rewardValue": 699,
          "decal": "6000",
          "sapType": "BASE",
          "rewardType": "NEW_PRICE",
          "threshold": 1,
          "limit": 0,
          "multiProducts": false,
          "cardDependencyFlag": false,
          "bestPromotion": true,
          "comparativePrice": {
            "pricePerUnit": 280,
            "unitQuantity": 100,
            "unitQuantityUom": "g",
            "measureDescription": "100g"
          }
        }
      ],
      "facets": [
        {
          "itemCode": "00020012",
          "itemDescription": "Non-GMO"
        }
      ],
      "categoryTrees": [
        {
          "level0": "Fresh Foods & Bakery",
          "level1": "Dairy & Eggs",
          "level2": "Butter & Spreads"
        },
        {
          "level0": "Chilled, Frozen & Desserts",
          "level1": "Dairy & Eggs",
          "level2": "Butter & Spreads"
        }
      ],
      "cateredFlag": false
    },
    {
      "productId": "5101217-EA-000",
      "brand": "Baker Boys",
      "name": "Ginger Crunch Slice",
      "displayName": "350g",
      "availability": [
        "IN_STORE",
        "ONLINE"
      ],
      "saleType": "UNITS",
      "restrictedFlag": false,
      "liquorFlag": false,
      "tobaccoFlag": false,
      "originRegulated": false,
      "singlePrice": {
        "price": 699,
        "comparativePrice": {
          "pricePerUnit": 212,
          "unitQuantity": 100,
          "unitQuantityUom": "g",
          "measureDescription": "100g"
        }
      },
      "facets": [
        {
          "itemCode": "00020012",
          "itemDescription": "Non-GMO"
        }
      ],
      "categoryTrees": [
        {
          "level0": "Fresh Foods & Bakery",
          "level1": "Bakery",
          "level2": "Biscuits & Slices"
        }
      ],
      "cateredFlag": false
    },
    {
      "productId": "5018055-EA-000",
      "brand": "Pams",
      "name": "Wholegrain Tortillas",
      "displayName": "258g",
      "availability": [
        "IN_STORE",
        "ONLINE"
      ],
      "saleType": "UNITS",
      "restrictedFlag": false,
      "liquorFlag": false,
      "tobaccoFlag": false,
      "originRegulated": false,
      "singlePrice": {
        "price": 279,
        "comparativePrice": {
          "pricePerUnit": 108,
          "unitQuantity": 100,
          "unitQuantityUom": "g",
          "measureDescription": "100g"
        }
      },
      "facets": [
        {
          "itemCode": "00020012",
          "itemDescription": "Non-GMO"
        },
        {
          "itemCode": "00020002",
          "itemDescription": "Halal"
        }
      ],
      "categoryTrees": [
        {
          "level0": "Fresh Foods & Bakery",
          "level1": "Bakery",
          "level2": "Wraps & Pita Breads"
        },
        {
          "level0": "Featured",
          "level1": "Pams",
          "level2": "Bakery"
        }
      ],
      "cateredFlag": false
    },
    {
      "productId": "5081276-EA-000",
      "brand": "Primo Smallgoods",
      "name": "Spanish Chorizo",
      "displayName": "200g",
      "availability": [
        "IN_STORE",
        "ONLINE"
      ],
      "saleType": "UNITS",
      "restrictedFlag": false,
      "liquorFlag": false,
      "tobaccoFlag": false,
      "originRegulated": false,
      "singlePrice": {
        "price": 499,
        "promoId": "128931684",
        "comparativePrice": {
          "pricePerUnit": 2495,
          "unitQuantity": 1,
          "unitQuantityUom": "kg",
          "measureDescription": "1kg"
        }
      },
      "promotions": [
        {
          "promoId": "128931684",
          "rewardValue": 499,
          "decal": "6000",
          "sapType": "BASE",
          "rewardType": "NEW_PRICE",
          "threshold": 1,
          "limit": 0,
          "multiProducts": false,
          "cardDependencyFlag": false,
          "bestPromotion": true,
          "comparativePrice": {
            "pricePerUnit": 2495,
            "unitQuantity": 1,
            "unitQuantityUom": "kg",
            "measureDescription": "1kg"
          }
        }
      ],
      "categoryTrees": [
        {
          "level0": "Fresh Foods & Bakery",
          "level1": "Deli, Salads & Cooked Meats",
          "level2": "Continental Sausage & Salami"
        }
      ],
      "cateredFlag": false
    },
    {
      "productId": "5015783-EA-000",
      "brand": "Giannis",
      "name": "Classic White Pita Pockets",
      "displayName": "8pk",
      "availability": [
        "IN_STORE",
        "ONLINE"
      ],
      "saleType": "UNITS",
      "restrictedFlag": false,
      "liquorFlag": false,
      "tobaccoFlag": false,
      "originRegulated": false,
      "singlePrice": {
        "price": 399,
        "comparativePrice": {
          "pricePerUnit": 50,
          "unitQuantity": 1,
          "unitQuantityUom": "ea",
          "measureDescription": "ea"
        }
      },
      "facets": [
        {
          "itemCode": "00020009",
          "itemDescription": "Low Fat"
        },
        {
          "itemCode": "00020011",
          "itemDescription": "Low Sugar"
        }
      ],
      "categoryTrees": [
        {
          "level0": "Fresh Foods & Bakery",
          "level1": "Bakery",
          "level2": "Wraps & Pita Breads"
        }
      ],
      "cateredFlag": false
    },
    {
      "productId": "5023310-EA-000",
      "brand": "Waffle On",
      "name": "Chocolate Chip Waffles",
      "displayName": "6pk",
      "availability": [
        "IN_STORE",
        "ONLINE"
      ],
      "saleType": "UNITS",
      "restrictedFlag": false,
      "liquorFlag": false,
      "tobaccoFlag": false,
      "originRegulated": false,
      "singlePrice": {
        "price": 629,
        "comparativePrice": {
          "pricePerUnit": 105,
          "unitQuantity": 1,
          "unitQuantityUom": "ea",
          "measureDescription": "ea"
        }
      },
      "categoryTrees": [
        {
          "level0": "Fresh Foods & Bakery",
          "level1": "Bakery",
          "level2": "Muffin Splits & Crumpets"
        }
      ],
      "cateredFlag": false
    },
    {
      "productId": "5101144-EA-000",
      "brand": "Lewis Road Creamery",
      "name": "Organic Single Cream",
      "displayName": "300ml",
      "availability": [
        "IN_STORE",
        "ONLINE"
      ],
      "saleType": "UNITS",
      "restrictedFlag": false,
      "liquorFlag": false,
      "tobaccoFlag": false,
      "originRegulated": false,
      "singlePrice": {
        "price": 429,
        "comparativePrice": {
          "pricePerUnit": 1430,
          "unitQuantity": 1,
          "unitQuantityUom": "L",
          "measureDescription": "1L"
        }
      },
      "facets": [
        {
          "itemCode": "00020001",
          "itemDescription": "Organic"
        }
      ],
      "categoryTrees": [
        {
          "level0": "Fresh Foods & Bakery",
          "level1": "Dairy & Eggs",
          "level2": "Fresh Cream"
        },
        {
          "level0": "Chilled, Frozen & Desserts",
          "level1": "Dairy & Eggs",
          "level2": "Fresh Cream"
        }
      ],
      "cateredFlag": false
    },
    {
      "productId": "5282160-EA-000",
      "brand": "Fresh 'n Fruity",
      "name": "Greek Apricot Thick'n Creamy Yoghurt",
      "displayName": "1kg",
      "availability": [
        "IN_STORE",
        "ONLINE"
      ],
      "saleType": "UNITS",
      "restrictedFlag": false,
      "liquorFlag": false,
      "tobaccoFlag": false,
      "originRegulated": false,
      "singlePrice": {
        "price": 699,
        "comparativePrice": {
          "pricePerUnit": 70,
          "unitQuantity": 100,
          "unitQuantityUom": "g",
          "measureDescription": "100g"
        }
      },
      "facets": [
        {
          "itemCode": "00020009",
          "itemDescription": "Low Fat"
        },
        {
          "itemCode": "00020012",
          "itemDescription": "Non-GMO"
        }
      ],
      "categoryTrees": [
        {
          "level0": "Fresh Foods & Bakery",
          "level1": "Dairy & Eggs",
          "level2": "Yoghurt & Dairy Food"
        },
        {
          "level0": "Chilled, Frozen & Desserts",
          "level1": "Dairy & Eggs",
          "level2": "Yoghurt & Dairy Food"
        }
      ],
      "cateredFlag": false
    },
    {
      "productId": "5242835-EA-000",
      "brand": "Harmony Organic",
      "name": "Premium Beef Mince",
      "displayName": "400g",
      "availability": [
        "IN_STORE",
        "ONLINE"
      ],
      "saleType": "UNITS",
      "restrictedFlag": false,
      "liquorFlag": false,
      "tobaccoFlag": false,
      "originRegulated": true,
      "originStatement": "Product of New Zealand",
      "singlePrice": {
        "price": 1249,
        "comparativePrice": {
          "pricePerUnit": 3123,
          "unitQuantity": 1,
          "unitQuantityUom": "kg",
          "measureDescription": "1kg"
        }
      },
      "facets": [
        {
          "itemCode": "00020001",
          "itemDescription": "Organic"
        },
        {
          "itemCode": "00020012",
          "itemDescription": "Non-GMO"
        },
        {
          "itemCode": "00020003",
          "itemDescription": "Free Range"
        }
      ],
      "categoryTrees": [
        {
          "level0": "Fresh Foods & Bakery",
          "level1": "Butchery",
          "level2": "PrePacked Beef & Lamb"
        }
      ],
      "cateredFlag": false
    },
    {
      "productId": "5212776-EA-000",
      "brand": "Anchor",
      "name": "Protein+ Natural Unsweetened Greek Style Yoghurt",
      "displayName": "180g",
      "availability": [
        "IN_STORE",
        "ONLINE"
      ],
      "saleType": "UNITS",
      "restrictedFlag": false,
      "liquorFlag": false,
      "tobaccoFlag": false,
      "originRegulated": false,
      "singlePrice": {
        "price": 279,
        "promoId": "128970912",
        "comparativePrice": {
          "pricePerUnit": 155,
          "unitQuantity": 100,
          "unitQuantityUom": "g",
          "measureDescription": "100g"
        }
      },
      "promotions": [
        {
          "promoId": "128970912",
          "rewardValue": 279,
          "decal": "7000",
          "sapType": "BASE",
          "rewardType": "NEW_PRICE",
          "threshold": 1,
          "limit": 0,
          "multiProducts": false,
          "cardDependencyFlag": false,
          "bestPromotion": true,
          "comparativePrice": {
            "pricePerUnit": 155,
            "unitQuantity": 100,
            "unitQuantityUom": "g",
            "measureDescription": "100g"
          }
        }
      ],
      "facets": [
        {
          "itemCode": "00020012",
          "itemDescription": "Non-GMO"
        }
      ],
      "categoryTrees": [
        {
          "level0": "Fresh Foods & Bakery",
          "level1": "Dairy & Eggs",
          "level2": "Yoghurt & Dairy Food"
        },
        {
          "level0": "Chilled, Frozen & Desserts",
          "level1": "Dairy & Eggs",
          "level2": "Yoghurt & Dairy Food"
        }
      ],
      "cateredFlag": false
    },
    {
      "productId": "5016683-EA-000",
      "brand": "Farrah's",
      "name": "Fire Roasted Pepper Wraps",
      "displayName": "6pk",
      "availability": [
        "IN_STORE",
        "ONLINE"
      ],
      "saleType": "UNITS",
      "restrictedFlag": false,
      "liquorFlag": false,
      "tobaccoFlag": false,
      "originRegulated": false,
      "singlePrice": {
        "price": 499,
        "promoId": "129033487",
        "comparativePrice": {
          "pricePerUnit": 83,
          "unitQuantity": 1,
          "unitQuantityUom": "ea",
          "measureDescription": "ea"
        }
      },
      "promotions": [
        {
          "promoId": "129033487",
          "rewardValue": 499,
          "decal": "6000",
          "sapType": "BASE",
          "rewardType": "NEW_PRICE",
          "threshold": 1,
          "limit": 0,
          "multiProducts": false,
          "cardDependencyFlag": false,
          "bestPromotion": true,
          "comparativePrice": {
            "pricePerUnit": 83,
            "unitQuantity": 1,
            "unitQuantityUom": "ea",
            "measureDescription": "ea"
          }
        }
      ],
      "facets": [
        {
          "itemCode": "00020007",
          "itemDescription": "Dairy Free"
        },
        {
          "itemCode": "00020002",
          "itemDescription": "Halal"
        }
      ],
      "categoryTrees": [
        {
          "level0": "Fresh Foods & Bakery",
          "level1": "Bakery",
          "level2": "Wraps & Pita Breads"
        }
      ],
      "cateredFlag": false
    },
    {
      "productId": "5224868-EA-000",
      "brand": "Obela",
      "name": "Classic Hommus",
      "displayName": "1kg",
      "availability": [
        "IN_STORE",
        "ONLINE"
      ],
      "saleType": "UNITS",
      "restrictedFlag": false,
      "liquorFlag": false,
      "tobaccoFlag": false,
      "originRegulated": false,
      "singlePrice": {
        "price": 1199,
        "comparativePrice": {
          "pricePerUnit": 120,
          "unitQuantity": 100,
          "unitQuantityUom": "g",
          "measureDescription": "100g"
        }
      },
      "facets": [
        {
          "itemCode": "00020004",
          "itemDescription": "Gluten Free"
        }
      ],
      "categoryTrees": [
        {
          "level0": "Fresh Foods & Bakery",
          "level1": "Deli, Salads & Cooked Meats",
          "level2": "Hummus"
        }
      ],
      "cateredFlag": false
    },
    {
      "productId": "5288138-EA-000",
      "brand": "Waitoa",
      "name": "Free Range Chicken Breast Mince",
      "displayName": "450g",
      "availability": [
        "IN_STORE",
        "ONLINE"
      ],
      "saleType": "UNITS",
      "restrictedFlag": false,
      "liquorFlag": false,
      "tobaccoFlag": false,
      "originRegulated": true,
      "originStatement": "Product of New Zealand",
      "singlePrice": {
        "price": 1149,
        "comparativePrice": {
          "pricePerUnit": 2553,
          "unitQuantity": 1,
          "unitQuantityUom": "kg",
          "measureDescription": "1kg"
        }
      },
      "facets": [
        {
          "itemCode": "00020003",
          "itemDescription": "Free Range"
        },
        {
          "itemCode": "00020007",
          "itemDescription": "Dairy Free"
        }
      ],
      "categoryTrees": [
        {
          "level0": "Fresh Foods & Bakery",
          "level1": "Butchery",
          "level2": "Fresh Chicken & Poultry"
        }
      ],
      "cateredFlag": false
    },
    {
      "productId": "5209717-EA-000",
      "brand": "Pams",
      "name": "White Wine & Garlic Flavoured Marinated Mussels",
      "displayName": "375g",
      "availability": [
        "IN_STORE",
        "ONLINE"
      ],
      "saleType": "UNITS",
      "restrictedFlag": false,
      "liquorFlag": false,
      "tobaccoFlag": false,
      "originRegulated": false,
      "singlePrice": {
        "price": 665,
        "comparativePrice": {
          "pricePerUnit": 1773,
          "unitQuantity": 1,
          "unitQuantityUom": "kg",
          "measureDescription": "1kg"
        }
      },
      "facets": [
        {
          "itemCode": "00020007",
          "itemDescription": "Dairy Free"
        },
        {
          "itemCode": "00020012",
          "itemDescription": "Non-GMO"
        }
      ],
      "categoryTrees": [
        {
          "level0": "Fresh Foods & Bakery",
          "level1": "Seafood",
          "level2": "Fresh Shellfish"
        }
      ],
      "cateredFlag": false
    },
    {
      "productId": "5038381-EA-000",
      "brand": "Puhoi Valley",
      "name": "Fresh Organic Whole Milk",
      "displayName": "750ml",
      "availability": [
        "IN_STORE",
        "ONLINE"
      ],
      "saleType": "UNITS",
      "restrictedFlag": false,
      "liquorFlag": false,
      "tobaccoFlag": false,
      "originRegulated": false,
      "singlePrice": {
        "price": 399,
        "comparativePrice": {
          "pricePerUnit": 532,
          "unitQuantity": 1,
          "unitQuantityUom": "L",
          "measureDescription": "1L"
        }
      },
      "facets": [
        {
          "itemCode": "00020001",
          "itemDescription": "Organic"
        },
        {
          "itemCode": "00020012",
          "itemDescription": "Non-GMO"
        }
      ],
      "categoryTrees": [
        {
          "level0": "Fresh Foods & Bakery",
          "level1": "Dairy & Eggs",
          "level2": "Fresh Organic Milk"
        },
        {
          "level0": "Chilled, Frozen & Desserts",
          "level1": "Dairy & Eggs",
          "level2": "Fresh Organic Milk"
        }
      ],
      "cateredFlag": false
    },
    {
      "productId": "5026303-EA-000",
      "brand": "Henergy",
      "name": "Cage-Free A Grade Size 7 Eggs",
      "displayName": "6pk",
      "availability": [
        "IN_STORE",
        "ONLINE"
      ],
      "saleType": "UNITS",
      "restrictedFlag": false,
      "liquorFlag": false,
      "tobaccoFlag": false,
      "originRegulated": false,
      "singlePrice": {
        "price": 519,
        "comparativePrice": {
          "pricePerUnit": 87,
          "unitQuantity": 1,
          "unitQuantityUom": "ea",
          "measureDescription": "ea"
        }
      },
      "facets": [
        {
          "itemCode": "00020012",
          "itemDescription": "Non-GMO"
        },
        {
          "itemCode": "00020006",
          "itemDescription": "Cage Free"
        }
      ],
      "categoryTrees": [
        {
          "level0": "Fresh Foods & Bakery",
          "level1": "Dairy & Eggs",
          "level2": "Eggs"
        },
        {
          "level0": "Chilled, Frozen & Desserts",
          "level1": "Dairy & Eggs",
          "level2": "Eggs"
        }
      ],
      "cateredFlag": false
    },
    {
      "productId": "5028496-EA-000",
      "brand": "Turkish Kitchen",
      "name": "Hot Smoked Salmon Dill & Cashew",
      "displayName": "140g",
      "availability": [
        "IN_STORE",
        "ONLINE"
      ],
      "saleType": "UNITS",
      "restrictedFlag": false,
      "liquorFlag": false,
      "tobaccoFlag": false,
      "originRegulated": false,
      "singlePrice": {
        "price": 459,
        "comparativePrice": {
          "pricePerUnit": 328,
          "unitQuantity": 100,
          "unitQuantityUom": "g",
          "measureDescription": "100g"
        }
      },
      "facets": [
        {
          "itemCode": "00020012",
          "itemDescription": "Non-GMO"
        },
        {
          "itemCode": "00020004",
          "itemDescription": "Gluten Free"
        }
      ],
      "categoryTrees": [
        {
          "level0": "Fresh Foods & Bakery",
          "level1": "Deli, Salads & Cooked Meats",
          "level2": "Dips, Pesto & Pate"
        }
      ],
      "cateredFlag": false
    },
    {
      "productId": "5282510-EA-000",
      "brand": "Anchor",
      "name": "Protein+ Natural Unsweetened Greek Style Yoghurt",
      "displayName": "450g",
      "availability": [
        "IN_STORE",
        "ONLINE"
      ],
      "saleType": "UNITS",
      "restrictedFlag": false,
      "liquorFlag": false,
      "tobaccoFlag": false,
      "originRegulated": false,
      "singlePrice": {
        "price": 639,
        "comparativePrice": {
          "pricePerUnit": 142,
          "unitQuantity": 100,
          "unitQuantityUom": "g",
          "measureDescription": "100g"
        }
      },
      "facets": [
        {
          "itemCode": "00020012",
          "itemDescription": "Non-GMO"
        }
      ],
      "categoryTrees": [
        {
          "level0": "Fresh Foods & Bakery",
          "level1": "Dairy & Eggs",
          "level2": "Yoghurt & Dairy Food"
        },
        {
          "level0": "Chilled, Frozen & Desserts",
          "level1": "Dairy & Eggs",
          "level2": "Yoghurt & Dairy Food"
        }
      ],
      "cateredFlag": false
    },
    {
      "productId": "5032689-EA-000",
      "brand": "Pams",
      "name": "Basil Pesto",
      "displayName": "180g",
      "availability": [
        "IN_STORE",
        "ONLINE"
      ],
      "saleType": "UNITS",
      "restrictedFlag": false,
      "liquorFlag": false,
      "tobaccoFlag": false,
      "originRegulated": false,
      "singlePrice": {
        "price": 519,
        "comparativePrice": {
          "pricePerUnit": 288,
          "unitQuantity": 100,
          "unitQuantityUom": "g",
          "measureDescription": "100g"
        }
      },
      "facets": [
        {
          "itemCode": "00020012",
          "itemDescription": "Non-GMO"
        }
      ],
      "categoryTrees": [
        {
          "level0": "Fresh Foods & Bakery",
          "level1": "Deli, Salads & Cooked Meats",
          "level2": "Dips, Pesto & Pate"
        }
      ],
      "cateredFlag": false
    },
    {
      "productId": "5014622-EA-000",
      "brand": "Tonzu",
      "name": "Natural Herb Organic Vegetarian Sausages",
      "displayName": "300g",
      "availability": [
        "IN_STORE",
        "ONLINE"
      ],
      "saleType": "UNITS",
      "restrictedFlag": false,
      "liquorFlag": false,
      "tobaccoFlag": false,
      "originRegulated": false,
      "singlePrice": {
        "price": 839,
        "comparativePrice": {
          "pricePerUnit": 280,
          "unitQuantity": 100,
          "unitQuantityUom": "g",
          "measureDescription": "100g"
        }
      },
      "categoryTrees": [
        {
          "level0": "Fresh Foods & Bakery",
          "level1": "Butchery",
          "level2": "Meat Free"
        },
        {
          "level0": "Pantry",
          "level1": "Canned & Prepared Foods",
          "level2": "Vegetarian"
        }
      ],
      "cateredFlag": false
    },
    {
      "productId": "5040534-EA-000",
      "brand": "Baker Boys",
      "name": "Lolly Cake Square",
      "displayName": "350g",
      "availability": [
        "IN_STORE",
        "ONLINE"
      ],
      "saleType": "UNITS",
      "restrictedFlag": false,
      "liquorFlag": false,
      "tobaccoFlag": false,
      "originRegulated": false,
      "singlePrice": {
        "price": 699,
        "comparativePrice": {
          "pricePerUnit": 212,
          "unitQuantity": 100,
          "unitQuantityUom": "g",
          "measureDescription": "100g"
        }
      },
      "categoryTrees": [
        {
          "level0": "Fresh Foods & Bakery",
          "level1": "Bakery",
          "level2": "Biscuits & Slices"
        }
      ],
      "cateredFlag": false
    },
    {
      "productId": "5038267-EA-000",
      "brand": "Lewis Road Creamery",
      "name": "Double Espresso Milk",
      "displayName": "300ml",
      "availability": [
        "IN_STORE",
        "ONLINE"
      ],
      "saleType": "UNITS",
      "restrictedFlag": false,
      "liquorFlag": false,
      "tobaccoFlag": false,
      "originRegulated": false,
      "singlePrice": {
        "price": 369,
        "comparativePrice": {
          "pricePerUnit": 1230,
          "unitQuantity": 1,
          "unitQuantityUom": "L",
          "measureDescription": "1L"
        }
      },
      "categoryTrees": [
        {
          "level0": "Fresh Foods & Bakery",
          "level1": "Dairy & Eggs",
          "level2": "Flavoured Milk"
        },
        {
          "level0": "Chilled, Frozen & Desserts",
          "level1": "Dairy & Eggs",
          "level2": "Flavoured Milk"
        }
      ],
      "cateredFlag": false
    },
    {
      "productId": "5263576-EA-000",
      "brand": "Regal",
      "name": "Epicurean Lemon Pepper Hot Smoked Salmon",
      "displayName": "125g",
      "availability": [
        "IN_STORE",
        "ONLINE"
      ],
      "saleType": "UNITS",
      "restrictedFlag": false,
      "liquorFlag": false,
      "tobaccoFlag": false,
      "originRegulated": false,
      "singlePrice": {
        "price": 1219,
        "comparativePrice": {
          "pricePerUnit": 9752,
          "unitQuantity": 1,
          "unitQuantityUom": "kg",
          "measureDescription": "1kg"
        }
      },
      "facets": [
        {
          "itemCode": "00020004",
          "itemDescription": "Gluten Free"
        }
      ],
      "categoryTrees": [
        {
          "level0": "Fresh Foods & Bakery",
          "level1": "Seafood",
          "level2": "Fresh Smoked Fish"
        }
      ],
      "cateredFlag": false
    },
    {
      "productId": "5287527-EA-000",
      "brand": "Fresh 'n Fruity",
      "name": "Greek Vanilla Thick 'n Creamy Yoghurt",
      "displayName": "4 x 125g",
      "availability": [
        "IN_STORE",
        "ONLINE"
      ],
      "saleType": "UNITS",
      "restrictedFlag": false,
      "liquorFlag": false,
      "tobaccoFlag": false,
      "originRegulated": false,
      "singlePrice": {
        "price": 549,
        "comparativePrice": {
          "pricePerUnit": 110,
          "unitQuantity": 100,
          "unitQuantityUom": "g",
          "measureDescription": "100g"
        }
      },
      "facets": [
        {
          "itemCode": "00020009",
          "itemDescription": "Low Fat"
        },
        {
          "itemCode": "00020012",
          "itemDescription": "Non-GMO"
        }
      ],
      "categoryTrees": [
        {
          "level0": "Fresh Foods & Bakery",
          "level1": "Dairy & Eggs",
          "level2": "Yoghurt & Dairy Food"
        },
        {
          "level0": "Chilled, Frozen & Desserts",
          "level1": "Dairy & Eggs",
          "level2": "Yoghurt & Dairy Food"
        }
      ],
      "cateredFlag": false
    },
    {
      "productId": "5029435-EA-000",
      "brand": "Talley's",
      "name": "Marinated Plain Mussels",
      "displayName": "375g",
      "availability": [
        "IN_STORE",
        "ONLINE"
      ],
      "saleType": "UNITS",
      "restrictedFlag": false,
      "liquorFlag": false,
      "tobaccoFlag": false,
      "originRegulated": false,
      "singlePrice": {
        "price": 789,
        "comparativePrice": {
          "pricePerUnit": 2104,
          "unitQuantity": 1,
          "unitQuantityUom": "kg",
          "measureDescription": "1kg"
        }
      },
      "facets": [
        {
          "itemCode": "00020012",
          "itemDescription": "Non-GMO"
        }
      ],
      "categoryTrees": [
        {
          "level0": "Fresh Foods & Bakery",
          "level1": "Seafood",
          "level2": "Fresh Shellfish"
        }
      ],
      "cateredFlag": false
    },
    {
      "productId": "5286169-EA-000",
      "name": "Sunflower Seeds",
      "displayName": "500g",
      "availability": [
        "IN_STORE",
        "ONLINE"
      ],
      "saleType": "UNITS",
      "restrictedFlag": false,
      "liquorFlag": false,
      "tobaccoFlag": false,
      "originRegulated": false,
      "singlePrice": {
        "price": 599,
        "comparativePrice": {
          "pricePerUnit": 120,
          "unitQuantity": 100,
          "unitQuantityUom": "g",
          "measureDescription": "100g"
        }
      },
      "categoryTrees": [
        {
          "level0": "Fresh Foods & Bakery",
          "level1": "Bulk & Loose Foods",
          "level2": "Bulk Seeds, Legumes & Grains"
        }
      ],
      "cateredFlag": false
    },
    {
      "productId": "5007953-EA-000",
      "brand": "Easiyo",
      "name": "Greek Style With Coconut Bits FlavouredYogurt Base",
      "displayName": "240g",
      "availability": [
        "IN_STORE",
        "ONLINE"
      ],
      "saleType": "UNITS",
      "restrictedFlag": false,
      "liquorFlag": false,
      "tobaccoFlag": false,
      "originRegulated": false,
      "singlePrice": {
        "price": 349,
        "promoId": "128922765",
        "comparativePrice": {
          "pricePerUnit": 145,
          "unitQuantity": 100,
          "unitQuantityUom": "g",
          "measureDescription": "100g"
        }
      },
      "promotions": [
        {
          "promoId": "128922765",
          "rewardValue": 349,
          "decal": "6000",
          "sapType": "BASE",
          "rewardType": "NEW_PRICE",
          "threshold": 1,
          "limit": 0,
          "multiProducts": false,
          "cardDependencyFlag": false,
          "bestPromotion": true,
          "comparativePrice": {
            "pricePerUnit": 145,
            "unitQuantity": 100,
            "unitQuantityUom": "g",
            "measureDescription": "100g"
          }
        }
      ],
      "facets": [
        {
          "itemCode": "00020014",
          "itemDescription": "Vegetarian"
        }
      ],
      "categoryTrees": [
        {
          "level0": "Fresh Foods & Bakery",
          "level1": "Dairy & Eggs",
          "level2": "Yoghurt Bases"
        },
        {
          "level0": "Chilled, Frozen & Desserts",
          "level1": "Dairy & Eggs",
          "level2": "Yoghurt Bases"
        }
      ],
      "cateredFlag": false
    },
    {
      "productId": "5027099-EA-000",
      "brand": "Rempah",
      "name": "Garlic Roti Chanai",
      "displayName": "240g",
      "availability": [
        "IN_STORE",
        "ONLINE"
      ],
      "saleType": "UNITS",
      "restrictedFlag": false,
      "liquorFlag": false,
      "tobaccoFlag": false,
      "originRegulated": false,
      "singlePrice": {
        "price": 569,
        "comparativePrice": {
          "pricePerUnit": 237,
          "unitQuantity": 100,
          "unitQuantityUom": "g",
          "measureDescription": "100g"
        }
      },
      "categoryTrees": [
        {
          "level0": "Fresh Foods & Bakery",
          "level1": "Bakery",
          "level2": "Specialty Breads"
        }
      ],
      "cateredFlag": false
    },
    {
      "productId": "5009612-EA-000",
      "brand": "Breton",
      "name": "Cracked Pepper Pate",
      "displayName": "100g",
      "availability": [
        "IN_STORE",
        "ONLINE"
      ],
      "saleType": "UNITS",
      "restrictedFlag": false,
      "liquorFlag": false,
      "tobaccoFlag": false,
      "originRegulated": false,
      "singlePrice": {
        "price": 339,
        "comparativePrice": {
          "pricePerUnit": 339,
          "unitQuantity": 100,
          "unitQuantityUom": "g",
          "measureDescription": "100g"
        }
      },
      "facets": [
        {
          "itemCode": "00020012",
          "itemDescription": "Non-GMO"
        },
        {
          "itemCode": "00020004",
          "itemDescription": "Gluten Free"
        }
      ],
      "categoryTrees": [
        {
          "level0": "Fresh Foods & Bakery",
          "level1": "Deli, Salads & Cooked Meats",
          "level2": "Dips, Pesto & Pate"
        }
      ],
      "cateredFlag": false
    },
    {
      "productId": "5227966-EA-000",
      "brand": "Mammoth Supply Co.",
      "name": "Protein Fix Iced Original Coffee Flavoured Milk",
      "displayName": "600ml",
      "availability": [
        "IN_STORE",
        "ONLINE"
      ],
      "saleType": "UNITS",
      "restrictedFlag": false,
      "liquorFlag": false,
      "tobaccoFlag": false,
      "originRegulated": false,
      "singlePrice": {
        "price": 489,
        "promoId": "128942737",
        "comparativePrice": {
          "pricePerUnit": 815,
          "unitQuantity": 1,
          "unitQuantityUom": "L",
          "measureDescription": "1L"
        }
      },
      "promotions": [
        {
          "promoId": "128942737",
          "rewardValue": 489,
          "decal": "6000",
          "sapType": "BASE",
          "rewardType": "NEW_PRICE",
          "threshold": 1,
          "limit": 0,
          "multiProducts": false,
          "cardDependencyFlag": false,
          "bestPromotion": true,
          "comparativePrice": {
            "pricePerUnit": 815,
            "unitQuantity": 1,
            "unitQuantityUom": "L",
            "measureDescription": "1L"
          }
        }
      ],
      "facets": [
        {
          "itemCode": "00020012",
          "itemDescription": "Non-GMO"
        }
      ],
      "categoryTrees": [
        {
          "level0": "Fresh Foods & Bakery",
          "level1": "Dairy & Eggs",
          "level2": "Flavoured Milk"
        },
        {
          "level0": "Chilled, Frozen & Desserts",
          "level1": "Dairy & Eggs",
          "level2": "Flavoured Milk"
        }
      ],
      "cateredFlag": false
    },
    {
      "productId": "5040379-EA-000",
      "brand": "Waikato Cakes",
      "name": "Jam Roll",
      "displayName": "250g",
      "availability": [
        "IN_STORE",
        "ONLINE"
      ],
      "saleType": "UNITS",
      "restrictedFlag": false,
      "liquorFlag": false,
      "tobaccoFlag": false,
      "originRegulated": false,
      "singlePrice": {
        "price": 579,
        "comparativePrice": {
          "pricePerUnit": 232,
          "unitQuantity": 100,
          "unitQuantityUom": "g",
          "measureDescription": "100g"
        }
      },
      "facets": [
        {
          "itemCode": "00020012",
          "itemDescription": "Non-GMO"
        }
      ],
      "categoryTrees": [
        {
          "level0": "Fresh Foods & Bakery",
          "level1": "Bakery",
          "level2": "Cakes & Muffins"
        }
      ],
      "cateredFlag": false
    },
    {
      "productId": "5007669-EA-000",
      "brand": "Delmaine",
      "name": "Basil Pesto",
      "displayName": "325g",
      "availability": [
        "IN_STORE",
        "ONLINE"
      ],
      "saleType": "UNITS",
      "restrictedFlag": false,
      "liquorFlag": false,
      "tobaccoFlag": false,
      "originRegulated": false,
      "singlePrice": {
        "price": 1339,
        "comparativePrice": {
          "pricePerUnit": 412,
          "unitQuantity": 100,
          "unitQuantityUom": "g",
          "measureDescription": "100g"
        }
      },
      "facets": [
        {
          "itemCode": "00020012",
          "itemDescription": "Non-GMO"
        }
      ],
      "categoryTrees": [
        {
          "level0": "Fresh Foods & Bakery",
          "level1": "Deli, Salads & Cooked Meats",
          "level2": "Dips, Pesto & Pate"
        }
      ],
      "cateredFlag": false
    }
  ],
  "algoliaSearchResult": {
    "facets": {
      "brand": {
        "Pams": 108,
        "Hellers": 61,
        "Anchor": 60,
        "Meadow Fresh": 37,
        "The Collective": 35,
        "Fresh 'n Fruity": 29,
        "Puhoi Valley": 26,
        "Verkerks": 25,
        "Beehive": 24,
        "Lewis Road Creamery": 22,
        "Farrah's": 20,
        "Tegel": 20,
        "Tip Top": 19,
        "Farmer Brown": 18,
        "Yoplait": 16,
        "Nature's Fresh": 14,
        "Regal": 14,
        "Tasman Bay Herbs": 14,
        "Baker Boys": 13,
        "Giannis": 13,
        "Pams Fresh": 13,
        "Pams Value": 13,
        "Value": 13,
        "Vogel's": 13,
        "Freya's": 12,
        "Lisa's": 11,
        "Obela": 11,
        "Rutherford & Meyer": 11,
        "Venerdi": 11,
        "Hansells": 10,
        "Harmony": 10,
        "Vitasoy": 10,
        "Easiyo": 9,
        "Gopala": 9,
        "Moogurt": 9,
        "Pams Finest": 9,
        "Raglan Coconut Yoghurt": 9,
        "Taylor Farms": 9,
        "Big Ben": 8,
        "First Light": 8,
        "Flora": 8,
        "Pieter's": 8,
        "Primo Smallgoods": 8,
        "Tararua": 8,
        "Waikato Cakes": 8,
        "Alamir Bakery": 7,
        "Beard Brothers": 7,
        "Bostock Brothers": 7,
        "DECOR CAKES": 7,
        "Danny's": 7,
        "De Gustibus": 7,
        "LeaderBrand": 7,
        "Ploughmans Bakery": 7,
        "Primo": 7,
        "Superb Herb": 7,
        "Turkish Kitchen": 7,
        "Woodland": 7,
        "Abe's": 6,
        "Burgen": 6,
        "Farmland": 6,
        "L'Authentique": 6,
        "Mainland": 6,
        "Mediterranean": 6,
        "Molenberg": 6,
        "Olivani": 6,
        "Rebel Bakehouse": 6,
        "Santa Bremor": 6,
        "Tatua": 6,
        "Turk's": 6,
        "Waitoa": 6,
        "Aoraki Smokehouse": 5,
        "Boss": 5,
        "Cottage Lane": 5,
        "Food Snob": 5,
        "Freedom Farms": 5,
        "Healthy n Fresh": 5,
        "Henergy": 5,
        "Little Island Coconut Creamery": 5,
        "Meadow Mushrooms": 5,
        "Sanitarium So Good": 5,
        "Speirs": 5,
        "Yummy Fruit": 5,
        "Bean Supreme": 4,
        "Better Eggs": 4,
        "Cathedral Cove Naturals": 4,
        "Fisherking": 4,
        "Just Hummus": 4,
        "Kapiti": 4,
        "Kapiti Artisan Bakehouse": 4,
        "Lincoln Bakery": 4,
        "Living Foods": 4,
        "Mammoth Supply Co.": 4,
        "Meadowlea": 4,
        "Nippy's": 4,
        "Original Foods Baking Co": 4,
        "Pams Free Range": 4,
        "Pams Plant Based": 4,
        "Premier": 4,
        "Scalini's": 4,
        "Shore Mariner": 4
      },
      "category1NI": {
        "Dairy & Eggs": 462,
        "Deli, Salads & Cooked Meats": 313,
        "Bakery": 304,
        "Fruit & Vegetables": 270,
        "Butchery": 217,
        "Bulk & Loose Foods": 131,
        "Seafood": 96,
        "Pams": 34,
        "Cold Drinks": 27,
        "Ready to Eat": 23,
        "Snack Foods": 7,
        "Canned & Prepared Foods": 6,
        "Condiments & Dressings": 6,
        "Ready to Heat": 6,
        "Cheese": 2,
        "Desserts": 2,
        "Ready to Cook": 2,
        "Biscuits & Crackers": 1,
        "Frozen Foods": 1,
        "Halloween": 1,
        "Household": 1
      },
      "onPromotion": {
        "8cd700ae-d96f-4761-bd7a-805d6b93536d": 354,
        "4a279605-eaa8-470d-bcd4-0a9e3c9ab43b": 345,
        "dbca5e00-f7f9-43ae-91de-031ad16f8a92": 342,
        "d8032da3-c1b9-456e-b626-41ce21f8c67b": 339,
        "715f0e22-95e0-45ce-af3a-07057209976e": 337,
        "90082979-fb9f-4305-9c72-83274fc438cc": 333,
        "b29a98bd-749c-489c-9eef-6aa38e66a29b": 327,
        "5cf0392f-c187-4fc4-a463-eb269d2e8f45": 307,
        "c3f9e1a3-fc34-452d-af2e-95349e666ba4": 307,
        "be4c4780-218e-425a-a90f-63e21773572b": 303,
        "2ed73be8-936d-4f35-9398-75a707f40a7b": 301,
        "61dd754e-8525-4b9e-9e08-173389eea8a8": 300,
        "21ecaaed-0749-4492-985e-4bb7ba43d59c": 289,
        "33d8d6fc-861a-45ff-9937-5ccdb55eaede": 289,
        "64eab5b1-8d79-45f4-94f1-02b8cf8b6202": 275,
        "01a114de-149c-4f5f-80a1-90cc63f69c6e": 255,
        "92086ded-a55d-4241-a364-7d7ea91531b4": 251,
        "3c5e3145-0767-4066-9349-6c0a1313acc5": 249,
        "65defcf2-bc15-490e-a84f-1f13b769cd22": 249,
        "6e6809dd-01bc-45c9-aab1-f01ccd8338b0": 249,
        "b92cc33f-b5a8-4b57-9b82-412946800020": 240,
        "6cda96e1-7d29-44a6-956b-3fcfdecc8184": 239,
        "d1cd1fdd-8767-46a6-a8d3-c3e0632c2dc8": 238,
        "3bb30799-82ce-4648-8c02-5113228963ed": 235,
        "3404c253-577f-45ca-b301-c98312e46efb": 231,
        "b39562a4-2b72-43fe-b9ba-eda1d651ad0b": 230,
        "5f167936-79ae-4f6a-b9d2-74afe1bb096b": 229,
        "15e6f441-5c1c-4d25-b4ec-1adf918c49c7": 228,
        "a7d09522-bee2-41e4-8fe0-0b82b7f342f5": 225,
        "49037947-e450-49bf-ba1f-a94551c79a72": 224,
        "48dd98cc-a757-4102-b15d-ea82b4b10571": 223,
        "c0f80e87-16be-4488-9553-da437e8c6c2a": 223,
        "60561e46-ece7-43a7-b142-9b14812586e4": 222,
        "c180a72d-5dbe-4403-b7c7-91655e505492": 222,
        "e1925ea7-01bc-4358-ae7c-c6502da5ab12": 221,
        "3bfe040b-f0c9-45e0-949b-b9ad5a591d55": 220,
        "53989945-1a28-481d-a61c-d6f75f760ada": 218,
        "1c388d5e-29ac-4956-b476-cb3431353d2e": 213,
        "b2e98a14-c8ca-401e-99ed-edf74570c6f6": 212,
        "c2204dae-579e-4b6b-9d42-2e13ceaa6031": 212,
        "98ec3885-ac93-4fcb-807b-59c9055c52c4": 211,
        "4fcc1c8e-cc5e-4675-ba25-5e56b579cf69": 209,
        "8f0d70be-5cb7-464b-99cb-8b0130671895": 208,
        "7d48a781-4f68-4c91-a908-8659e1b22f95": 207,
        "9cd8eb60-3222-4efc-bd7c-50e03e6a81a4": 207,
        "d6d39eea-889d-4e20-923c-55cab225cf7f": 207,
        "6c73764e-b8e6-4e55-ad37-f6a9d207da1f": 204,
        "714431ab-6e39-4df6-ac77-cfc5c1e25bc8": 202,
        "529d66cc-60e3-432e-b8d1-efc9f2ec4919": 200,
        "b83029b6-5dd5-449e-8056-26f3943a4e18": 190,
        "50b1216b-d066-4457-b88b-9bccf97bf6d3": 188,
        "076e8177-943b-41fc-a885-ba3d28297acf": 187,
        "3e82142c-78dc-46f3-82ec-28e65fcf84c9": 178,
        "af385423-d0f1-41f0-9482-ffd10b745143": 162,
        "94ef1985-cab1-4b39-a2f3-230120f03c16": 160
      },
      "productFacets": {
        "Non-GMO": 852,
        "Gluten Free": 328,
        "Dairy Free": 190,
        "Low Fat": 115,
        "Vegetarian": 97,
        "Free Range": 81,
        "Vegan": 60,
        "Organic": 54,
        "Halal": 37,
        "Low Sugar": 25,
        "Cage Free": 20,
        "Keto": 8,
        "Low Salt": 1
      }
    }
  },
  "totalHits": 1000,
  "page": 16,
  "totalPages": 20,
  "hitsPerPage": 50
}
