{
  "tobaccoProducts": false,
  "products": [
    {
      "productId": "5094568-EA-000",
      "brand": "Woodland",
      "name": "Free Range Grade 7 Eggs",
      "displayName": "6pk",
      "availability": [
        "IN_STORE",
        "ONLINE"
      ],
      "saleType": "UNITS",
      "restrictedFlag": false,
      "liquorFlag": false,
      "tobaccoFlag": false,
      "originRegulated": false,
      "singlePrice": {
        "price": 649,
        "comparativePrice": {
          "pricePerUnit": 108,
          "unitQuantity": 1,
          "unitQuantityUom": "ea",
          "measureDescription": "ea"
        }
      },
      "facets": [
        {
          "itemCode": "00020003",
          "itemDescription": "Free Range"
        }
      ],
      "categoryTrees": [
        {
          "level0": "Fresh Foods & Bakery",
          "level1": "Dairy & Eggs",
          "level2": "Eggs"
        },
        {
          "level0": "Chilled, Frozen & Desserts",
          "level1": "Dairy & Eggs",
          "level2": "Eggs"
        }
      ],
      "cateredFlag": false
    },
    {
      "productId": "5102306-KGM-000",
      "name": "NZ Gravy Beef",
      "displayName": "kg",
      "availability": [
        "IN_STORE",
        "ONLINE"
      ],
      "saleType": "WEIGHT",
      "restrictedFlag": false,
      "liquorFlag": false,
      "tobaccoFlag": false,
      "originRegulated": true,
      "originStatement": "Product of New Zealand",
      "variableWeight": {
        "minOrderQuantity": 300,
        "stepSize": 100,
        "stepUnitOfMeasure": "g"
      },
      "singlePrice": {
        "price": 2099,
        "promoId": "129016133",
        "comparativePrice": {
          "pricePerUnit": 2099,
          "unitQuantity": 1,
          "unitQuantityUom": "kg",
          "measureDescription": "1kg"
        }
      },
      "promotions": [
        {
          "promoId": "129016133",
          "rewardValue": 2099,
          "decal": "6000",
          "sapType": "BASE",
          "rewardType": "NEW_PRICE",
          "threshold": 1,
          "limit": 0,
          "multiProducts": false,
          "cardDependencyFlag": false,
          "bestPromotion": true,
          "comparativePrice": {
            "pricePerUnit": 2099,
            "unitQuantity": 1,
            "unitQuantityUom": "kg",
            "measureDescription": "1kg"
          }
        }
      ],
      "categoryTrees": [
        {
          "level0": "Fresh Foods & Bakery",
          "level1": "Butchery",
          "level2": "Fresh Beef & Lamb"
        }
      ],
      "cateredFlag": false
    },
    {
      "productId": "5268322-EA-000",
      "brand": "Tegel",
      "name": "Manuka Smoked Chicken Rashers",
      "displayName": "200g",
      "availability": [
        "IN_STORE",
        "ONLINE"
      ],
      "saleType": "UNITS",
      "restrictedFlag": false,
      "liquorFlag": false,
      "tobaccoFlag": false,
      "originRegulated": true,
      "originStatement": "Product of New Zealand",
      "singlePrice": {
        "price": 629,
        "comparativePrice": {
          "pricePerUnit": 3145,
          "unitQuantity": 1,
          "unitQuantityUom": "kg",
          "measureDescription": "1kg"
        }
      },
      "facets": [
        {
          "itemCode": "00020006",
          "itemDescription": "Cage Free"
        },
        {
          "itemCode": "00020012",
          "itemDescription": "Non-GMO"
        },
        {
          "itemCode": "00020003",
          "itemDescription": "Free Range"
        }
      ],
      "categoryTrees": [
        {
          "level0": "Fresh Foods & Bakery",
          "level1": "Deli, Salads & Cooked Meats",
          "level2": "Bacon"
        }
      ],
      "cateredFlag": false
    },
    {
      "productId": "5103779-KGM-000",
      "name": "Trevally Whole NZ",
      "displayName": "kg",
      "availability": [
        "IN_STORE",
        "ONLINE"
      ],
      "saleType": "WEIGHT",
      "restrictedFlag": false,
      "liquorFlag": false,
      "tobaccoFlag": false,
      "originRegulated": true,
      "originStatement": "Product of New Zealand",
      "variableWeight": {
        "unitOfMeasure": "g",
        "averageWeight": 800,
        "minOrderQuantity": 800,
        "stepSize": 100,
        "stepUnitOfMeasure": "g"
      },
      "singlePrice": {
        "price": 1199,
        "comparativePrice": {
          "pricePerUnit": 1199,
          "unitQuantity": 1,
          "unitQuantityUom": "kg",
          "measureDescription": "1kg"
        }
      },
      "categoryTrees": [
        {
          "level0": "Fresh Foods & Bakery",
          "level1": "Seafood",
          "level2": "Fresh Whole Fish"
        }
      ],
      "cateredFlag": false
    },
    {
      "productId": "5262773-EA-000",
      "brand": "Pams",
      "name": "Precooked Sausages",
      "displayName": "1kg",
      "availability": [
        "IN_STORE",
        "ONLINE"
      ],
      "saleType": "UNITS",
      "restrictedFlag": false,
      "liquorFlag": false,
      "tobaccoFlag": false,
      "originRegulated": false,
      "singlePrice": {
        "price": 819,
        "comparativePrice": {
          "pricePerUnit": 819,
          "unitQuantity": 1,
          "unitQuantityUom": "kg",
          "measureDescription": "1kg"
        }
      },
      "facets": [
        {
          "itemCode": "00020012",
          "itemDescription": "Non-GMO"
        }
      ],
      "categoryTrees": [
        {
          "level0": "Fresh Foods & Bakery",
          "level1": "Butchery",
          "level2": "PrePacked Sausages"
        },
        {
          "level0": "Featured",
          "level1": "Pams",
          "level2": "Butchery"
        }
      ],
      "cateredFlag": false
    },
    {
      "productId": "5001005-EA-000",
      "brand": "Verkerks",
      "name": "Danish Salami",
      "displayName": "100g",
      "availability": [
        "IN_STORE",
        "ONLINE"
      ],
      "saleType": "UNITS",
      "restrictedFlag": false,
      "liquorFlag": false,
      "tobaccoFlag": false,
      "originRegulated": false,
      "singlePrice": {
        "price": 339,
        "comparativePrice": {
          "pricePerUnit": 3390,
          "unitQuantity": 1,
          "unitQuantityUom": "kg",
          "measureDescription": "1kg"
        }
      },
      "facets": [
        {
          "itemCode": "00020004",
          "itemDescription": "Gluten Free"
        },
        {
          "itemCode": "00020012",
          "itemDescription": "Non-GMO"
        }
      ],
      "categoryTrees": [
        {
          "level0": "Fresh Foods & Bakery",
          "level1": "Deli, Salads & Cooked Meats",
          "level2": "Continental Sausage & Salami"
        }
      ],
      "cateredFlag": false
    },
    {
      "productId": "5016680-EA-000",
      "brand": "Farrah's",
      "name": "Multigrain Wraps",
      "displayName": "6pk",
      "availability": [
        "IN_STORE",
        "ONLINE"
      ],
      "saleType": "UNITS",
      "restrictedFlag": false,
      "liquorFlag": false,
      "tobaccoFlag": false,
      "originRegulated": false,
      "singlePrice": {
        "price": 499,
        "promoId": "129033487",
        "comparativePrice": {
          "pricePerUnit": 83,
          "unitQuantity": 1,
          "unitQuantityUom": "ea",
          "measureDescription": "ea"
        }
      },
      "promotions": [
        {
          "promoId": "129033487",
          "rewardValue": 499,
          "decal": "6000",
          "sapType": "BASE",
          "rewardType": "NEW_PRICE",
          "threshold": 1,
          "limit": 0,
          "multiProducts": false,
          "cardDependencyFlag": false,
          "bestPromotion": true,
          "comparativePrice": {
            "pricePerUnit": 83,
            "unitQuantity": 1,
            "unitQuantityUom": "ea",
            "measureDescription": "ea"
          }
        }
      ],
      "facets": [
        {
          "itemCode": "00020007",
          "itemDescription": "Dairy Free"
        }
      ],
      "categoryTrees": [
        {
          "level0": "Fresh Foods & Bakery",
          "level1": "Bakery",
          "level2": "Wraps & Pita Breads"
        }
      ],
      "cateredFlag": false
    },
    {
      "productId": "5219651-EA-000",
      "brand": "Pams",
      "name": "Seasonal Salad Leaves",
      "displayName": "120g",
      "availability": [
        "IN_STORE",
        "ONLINE"
      ],
      "saleType": "UNITS",
      "restrictedFlag": false,
      "liquorFlag": false,
      "tobaccoFlag": false,
      "originRegulated": true,
      "originStatement": "Product of New Zealand",
      "singlePrice": {
        "price": 249,
        "comparativePrice": {
          "pricePerUnit": 2075,
          "unitQuantity": 1,
          "unitQuantityUom": "kg",
          "measureDescription": "1kg"
        }
      },
      "facets": [
        {
          "itemCode": "00020012",
          "itemDescription": "Non-GMO"
        }
      ],
      "categoryTrees": [
        {
          "level0": "Fresh Foods & Bakery",
          "level1": "Fruit & Vegetables",
          "level2": "Salad Bags"
        }
      ],
      "cateredFlag": false
    },
    {
      "productId": "5207668-EA-000",
      "brand": "Marcel's",
      "name": "Happy Pancakes",
      "displayName": "6pk",
      "availability": [
        "IN_STORE",
        "ONLINE"
      ],
      "saleType": "UNITS",
      "restrictedFlag": false,
      "liquorFlag": false,
      "tobaccoFlag": false,
      "originRegulated": false,
      "singlePrice": {
        "price": 389,
        "promoId": "128985662",
        "comparativePrice": {
          "pricePerUnit": 162,
          "unitQuantity": 100,
          "unitQuantityUom": "g",
          "measureDescription": "100g"
        }
      },
      "promotions": [
        {
          "promoId": "128985662",
          "rewardValue": 389,
          "decal": "6000",
          "sapType": "BASE",
          "rewardType": "NEW_PRICE",
          "threshold": 1,
          "limit": 0,
          "multiProducts": false,
          "cardDependencyFlag": false,
          "bestPromotion": true,
          "comparativePrice": {
            "pricePerUnit": 162,
            "unitQuantity": 100,
            "unitQuantityUom": "g",
            "measureDescription": "100g"
          }
        }
      ],
      "facets": [
        {
          "itemCode": "00020002",
          "itemDescription": "Halal"
        }
      ],
      "categoryTrees": [
        {
          "level0": "Fresh Foods & Bakery",
          "level1": "Bakery",
          "level2": "Cakes & Muffins"
        }
      ],
      "cateredFlag": false
    },
    {
      "productId": "5100600-KGM-000",
      "name": "NZ Lamb Neck Chops",
      "displayName": "kg",
      "availability": [
        "IN_STORE",
        "ONLINE"
      ],
      "saleType": "WEIGHT",
      "restrictedFlag": false,
      "liquorFlag": false,
      "tobaccoFlag": false,
      "originRegulated": true,
      "originStatement": "Product of New Zealand",
      "variableWeight": {
        "minOrderQuantity": 250,
        "stepSize": 100,
        "stepUnitOfMeasure": "g"
      },
      "singlePrice": {
        "price": 1899,
        "promoId": "129016098",
        "comparativePrice": {
          "pricePerUnit": 1899,
          "unitQuantity": 1,
          "unitQuantityUom": "kg",
          "measureDescription": "1kg"
        }
      },
      "promotions": [
        {
          "promoId": "129016098",
          "rewardValue": 1899,
          "decal": "6000",
          "sapType": "BASE",
          "rewardType": "NEW_PRICE",
          "threshold": 1,
          "limit": 0,
          "multiProducts": false,
          "cardDependencyFlag": false,
          "bestPromotion": true,
          "comparativePrice": {
            "pricePerUnit": 1899,
            "unitQuantity": 1,
            "unitQuantityUom": "kg",
            "measureDescription": "1kg"
          }
        }
      ],
      "categoryTrees": [
        {
          "level0": "Fresh Foods & Bakery",
          "level1": "Butchery",
          "level2": "Fresh Beef & Lamb"
        }
      ],
      "cateredFlag": false
    },
    {
      "productId": "5012516-EA-000",
      "brand": "Verkerks",
      "name": "Dutch Salami",
      "displayName": "100g",
      "availability": [
        "IN_STORE",
        "ONLINE"
      ],
      "saleType": "UNITS",
      "restrictedFlag": false,
      "liquorFlag": false,
      "tobaccoFlag": false,
      "originRegulated": false,
      "singlePrice": {
        "price": 339,
        "comparativePrice": {
          "pricePerUnit": 3390,
          "unitQuantity": 1,
          "unitQuantityUom": "kg",
          "measureDescription": "1kg"
        }
      },
      "facets": [
        {
          "itemCode": "00020012",
          "itemDescription": "Non-GMO"
        },
        {
          "itemCode": "00020004",
          "itemDescription": "Gluten Free"
        }
      ],
      "categoryTrees": [
        {
          "level0": "Fresh Foods & Bakery",
          "level1": "Deli, Salads & Cooked Meats",
          "level2": "Continental Sausage & Salami"
        }
      ],
      "cateredFlag": false
    },
    {
      "productId": "5013015-EA-000",
      "brand": "Nature's Fresh",
      "name": "Original Hamburger Buns",
      "displayName": "6 x 70g",
      "availability": [
        "IN_STORE",
        "ONLINE"
      ],
      "saleType": "UNITS",
      "restrictedFlag": false,
      "liquorFlag": false,
      "tobaccoFlag": false,
      "originRegulated": false,
      "singlePrice": {
        "price": 399,
        "comparativePrice": {
          "pricePerUnit": 95,
          "unitQuantity": 100,
          "unitQuantityUom": "g",
          "measureDescription": "100g"
        }
      },
      "facets": [
        {
          "itemCode": "00020012",
          "itemDescription": "Non-GMO"
        }
      ],
      "categoryTrees": [
        {
          "level0": "Fresh Foods & Bakery",
          "level1": "Bakery",
          "level2": "Bread Rolls & Buns"
        }
      ],
      "cateredFlag": false
    },
    {
      "productId": "5274504-EA-000",
      "brand": "Fresh 'n Fruity",
      "name": "Zesty Lemon Yoghurt",
      "displayName": "6 x 125g",
      "availability": [
        "IN_STORE",
        "ONLINE"
      ],
      "saleType": "UNITS",
      "restrictedFlag": false,
      "liquorFlag": false,
      "tobaccoFlag": false,
      "originRegulated": false,
      "singlePrice": {
        "price": 379,
        "promoId": "128943815",
        "comparativePrice": {
          "pricePerUnit": 51,
          "unitQuantity": 100,
          "unitQuantityUom": "g",
          "measureDescription": "100g"
        }
      },
      "promotions": [
        {
          "promoId": "129018723",
          "rewardValue": 299,
          "decal": "6000",
          "sapType": "LAYERED",
          "rewardType": "NEW_PRICE",
          "threshold": 1,
          "limit": 2,
          "multiProducts": true,
          "description": "Limit 2 assorted",
          "cardDependencyFlag": false,
          "bestPromotion": true,
          "comparativePrice": {
            "pricePerUnit": 40,
            "unitQuantity": 100,
            "unitQuantityUom": "g",
            "measureDescription": "100g"
          }
        }
      ],
      "facets": [
        {
          "itemCode": "00020012",
          "itemDescription": "Non-GMO"
        },
        {
          "itemCode": "00020009",
          "itemDescription": "Low Fat"
        }
      ],
      "categoryTrees": [
        {
          "level0": "Fresh Foods & Bakery",
          "level1": "Dairy & Eggs",
          "level2": "Yoghurt & Dairy Food"
        },
        {
          "level0": "Chilled, Frozen & Desserts",
          "level1": "Dairy & Eggs",
          "level2": "Yoghurt & Dairy Food"
        }
      ],
      "cateredFlag": false
    },
    {
      "productId": "5282150-EA-000",
      "brand": "The Collective",
      "name": "Epic Greek Vanilla Bean Yoghurt",
      "displayName": "900g",
      "availability": [
        "IN_STORE",
        "ONLINE"
      ],
      "saleType": "UNITS",
      "restrictedFlag": false,
      "liquorFlag": false,
      "tobaccoFlag": false,
      "originRegulated": false,
      "singlePrice": {
        "price": 819,
        "comparativePrice": {
          "pricePerUnit": 91,
          "unitQuantity": 100,
          "unitQuantityUom": "g",
          "measureDescription": "100g"
        }
      },
      "facets": [
        {
          "itemCode": "00020014",
          "itemDescription": "Vegetarian"
        },
        {
          "itemCode": "00020004",
          "itemDescription": "Gluten Free"
        }
      ],
      "categoryTrees": [
        {
          "level0": "Fresh Foods & Bakery",
          "level1": "Dairy & Eggs",
          "level2": "Yoghurt & Dairy Food"
        },
        {
          "level0": "Chilled, Frozen & Desserts",
          "level1": "Dairy & Eggs",
          "level2": "Yoghurt & Dairy Food"
        }
      ],
      "cateredFlag": false
    },
    {
      "productId": "5040006-KGM-000",
      "name": "Portabello Flat Mushrooms",
      "displayName": "kg",
      "availability": [
        "IN_STORE",
        "ONLINE"
      ],
      "saleType": "BOTH",
      "restrictedFlag": false,
      "liquorFlag": false,
      "tobaccoFlag": false,
      "originRegulated": true,
      "originStatement": "Product of New Zealand",
      "variableWeight": {
        "unitOfMeasure": "g",
        "averageWeight": 70,
        "minOrderQuantity": 100,
        "stepSize": 50,
        "stepUnitOfMeasure": "g"
      },
      "singlePrice": {
        "price": 1499,
        "comparativePrice": {
          "pricePerUnit": 1499,
          "unitQuantity": 1,
          "unitQuantityUom": "kg",
          "measureDescription": "1kg"
        }
      },
      "categoryTrees": [
        {
          "level0": "Fresh Foods & Bakery",
          "level1": "Fruit & Vegetables",
          "level2": "Fresh Vegetables"
        }
      ],
      "cateredFlag": false
    },
    {
      "productId": "5046090-EA-000",
      "brand": "Healthy n Fresh",
      "name": "Prepacked Coriander",
      "displayName": "80g",
      "availability": [
        "IN_STORE",
        "ONLINE"
      ],
      "saleType": "UNITS",
      "restrictedFlag": false,
      "liquorFlag": false,
      "tobaccoFlag": false,
      "originRegulated": true,
      "originStatement": "Product of New Zealand",
      "singlePrice": {
        "price": 399,
        "comparativePrice": {
          "pricePerUnit": 50,
          "unitQuantity": 10,
          "unitQuantityUom": "g",
          "measureDescription": "10g"
        }
      },
      "categoryTrees": [
        {
          "level0": "Fresh Foods & Bakery",
          "level1": "Fruit & Vegetables",
          "level2": "Fresh Herbs"
        }
      ],
      "cateredFlag": false
    },
    {
      "productId": "5023478-EA-000",
      "brand": "Verkerks",
      "name": "Chorizo Salami",
      "displayName": "100g",
      "availability": [
        "IN_STORE",
        "ONLINE"
      ],
      "saleType": "UNITS",
      "restrictedFlag": false,
      "liquorFlag": false,
      "tobaccoFlag": false,
      "originRegulated": false,
      "singlePrice": {
        "price": 339,
        "comparativePrice": {
          "pricePerUnit": 3390,
          "unitQuantity": 1,
          "unitQuantityUom": "kg",
          "measureDescription": "1kg"
        }
      },
      "facets": [
        {
          "itemCode": "00020004",
          "itemDescription": "Gluten Free"
        }
      ],
      "categoryTrees": [
        {
          "level0": "Fresh Foods & Bakery",
          "level1": "Deli, Salads & Cooked Meats",
          "level2": "Continental Sausage & Salami"
        }
      ],
      "cateredFlag": false
    },
    {
      "productId": "5084004-EA-000",
      "brand": "Farrah's",
      "name": "Wraps Garlic Butter",
      "displayName": "6pk",
      "availability": [
        "IN_STORE",
        "ONLINE"
      ],
      "saleType": "UNITS",
      "restrictedFlag": false,
      "liquorFlag": false,
      "tobaccoFlag": false,
      "originRegulated": false,
      "singlePrice": {
        "price": 499,
        "promoId": "129033487",
        "comparativePrice": {
          "pricePerUnit": 83,
          "unitQuantity": 1,
          "unitQuantityUom": "ea",
          "measureDescription": "ea"
        }
      },
      "promotions": [
        {
          "promoId": "129033487",
          "rewardValue": 499,
          "decal": "6000",
          "sapType": "BASE",
          "rewardType": "NEW_PRICE",
          "threshold": 1,
          "limit": 0,
          "multiProducts": false,
          "cardDependencyFlag": false,
          "bestPromotion": true,
          "comparativePrice": {
            "pricePerUnit": 83,
            "unitQuantity": 1,
            "unitQuantityUom": "ea",
            "measureDescription": "ea"
          }
        }
      ],
      "facets": [
        {
          "itemCode": "00020014",
          "itemDescription": "Vegetarian"
        }
      ],
      "categoryTrees": [
        {
          "level0": "Fresh Foods & Bakery",
          "level1": "Bakery",
          "level2": "Wraps & Pita Breads"
        }
      ],
      "cateredFlag": false
    },
    {
      "productId": "5100119-KGM-000",
      "name": "Salmon Frames",
      "displayName": "kg",
      "availability": [
        "IN_STORE",
        "ONLINE"
      ],
      "saleType": "WEIGHT",
      "restrictedFlag": false,
      "liquorFlag": false,
      "tobaccoFlag": false,
      "originRegulated": true,
      "originStatement": "Product of New Zealand",
      "variableWeight": {
        "minOrderQuantity": 100,
        "stepSize": 100,
        "stepUnitOfMeasure": "g"
      },
      "singlePrice": {
        "price": 999,
        "comparativePrice": {
          "pricePerUnit": 999,
          "unitQuantity": 1,
          "unitQuantityUom": "kg",
          "measureDescription": "1kg"
        }
      },
      "categoryTrees": [
        {
          "level0": "Fresh Foods & Bakery",
          "level1": "Seafood",
          "level2": "Fresh Seafood"
        }
      ],
      "cateredFlag": false
    },
    {
      "productId": "5107742-KGM-000",
      "name": "NZ Lamb Flaps",
      "displayName": "kg",
      "availability": [
        "IN_STORE",
        "ONLINE"
      ],
      "saleType": "WEIGHT",
      "restrictedFlag": false,
      "liquorFlag": false,
      "tobaccoFlag": false,
      "originRegulated": true,
      "originStatement": "Product of New Zealand",
      "variableWeight": {
        "minOrderQuantity": 300,
        "stepSize": 100,
        "stepUnitOfMeasure": "g"
      },
      "singlePrice": {
        "price": 2199,
        "comparativePrice": {
          "pricePerUnit": 2199,
          "unitQuantity": 1,
          "unitQuantityUom": "kg",
          "measureDescription": "1kg"
        }
      },
      "categoryTrees": [
        {
          "level0": "Fresh Foods & Bakery",
          "level1": "Butchery",
          "level2": "Fresh Beef & Lamb"
        }
      ],
      "cateredFlag": false
    },
    {
      "productId": "5203822-EA-000",
      "name": "Brioche Hamburger Buns",
      "displayName": "6pk",
      "availability": [
        "IN_STORE",
        "ONLINE"
      ],
      "saleType": "UNITS",
      "restrictedFlag": false,
      "liquorFlag": false,
      "tobaccoFlag": false,
      "originRegulated": false,
      "singlePrice": {
        "price": 459,
        "promoId": "129017523",
        "comparativePrice": {
          "pricePerUnit": 77,
          "unitQuantity": 1,
          "unitQuantityUom": "ea",
          "measureDescription": "ea"
        }
      },
      "promotions": [
        {
          "promoId": "129017523",
          "rewardValue": 459,
          "decal": "6000",
          "sapType": "BASE",
          "rewardType": "NEW_PRICE",
          "threshold": 1,
          "limit": 0,
          "multiProducts": false,
          "cardDependencyFlag": false,
          "bestPromotion": true,
          "comparativePrice": {
            "pricePerUnit": 77,
            "unitQuantity": 1,
            "unitQuantityUom": "ea",
            "measureDescription": "ea"
          }
        }
      ],
      "categoryTrees": [
        {
          "level0": "Fresh Foods & Bakery",
          "level1": "Bakery",
          "level2": "Fresh Breads & Rolls"
        }
      ],
      "cateredFlag": false
    },
    {
      "productId": "5012580-EA-000",
      "brand": "Flora",
      "name": "Buttery Spread",
      "displayName": "500g",
      "availability": [
        "IN_STORE",
        "ONLINE"
      ],
      "saleType": "UNITS",
      "restrictedFlag": false,
      "liquorFlag": false,
      "tobaccoFlag": false,
      "originRegulated": false,
      "singlePrice": {
        "price": 439,
        "comparativePrice": {
          "pricePerUnit": 88,
          "unitQuantity": 100,
          "unitQuantityUom": "g",
          "measureDescription": "100g"
        }
      },
      "facets": [
        {
          "itemCode": "00020012",
          "itemDescription": "Non-GMO"
        }
      ],
      "categoryTrees": [
        {
          "level0": "Fresh Foods & Bakery",
          "level1": "Dairy & Eggs",
          "level2": "Butter & Spreads"
        },
        {
          "level0": "Chilled, Frozen & Desserts",
          "level1": "Dairy & Eggs",
          "level2": "Butter & Spreads"
        }
      ],
      "cateredFlag": false
    },
    {
      "productId": "5005504-EA-000",
      "brand": "Flora",
      "name": "ProActiv Light Spread",
      "displayName": "500g",
      "availability": [
        "IN_STORE",
        "ONLINE"
      ],
      "saleType": "UNITS",
      "restrictedFlag": false,
      "liquorFlag": false,
      "tobaccoFlag": false,
      "originRegulated": false,
      "singlePrice": {
        "price": 879,
        "comparativePrice": {
          "pricePerUnit": 176,
          "unitQuantity": 100,
          "unitQuantityUom": "g",
          "measureDescription": "100g"
        }
      },
      "facets": [
        {
          "itemCode": "00020012",
          "itemDescription": "Non-GMO"
        }
      ],
      "categoryTrees": [
        {
          "level0": "Fresh Foods & Bakery",
          "level1": "Dairy & Eggs",
          "level2": "Butter & Spreads"
        },
        {
          "level0": "Chilled, Frozen & Desserts",
          "level1": "Dairy & Eggs",
          "level2": "Butter & Spreads"
        }
      ],
      "cateredFlag": false
    },
    {
      "productId": "5013469-EA-000",
      "brand": "Vogel's",
      "name": "Extra Thick Fruit & Spice Bread",
      "displayName": "720g",
      "availability": [
        "IN_STORE",
        "ONLINE"
      ],
      "saleType": "UNITS",
      "restrictedFlag": false,
      "liquorFlag": false,
      "tobaccoFlag": false,
      "originRegulated": false,
      "singlePrice": {
        "price": 409,
        "comparativePrice": {
          "pricePerUnit": 57,
          "unitQuantity": 100,
          "unitQuantityUom": "g",
          "measureDescription": "100g"
        }
      },
      "facets": [
        {
          "itemCode": "00020012",
          "itemDescription": "Non-GMO"
        }
      ],
      "categoryTrees": [
        {
          "level0": "Fresh Foods & Bakery",
          "level1": "Bakery",
          "level2": "Specialty Breads"
        }
      ],
      "cateredFlag": false
    },
    {
      "productId": "5037815-EA-000",
      "brand": "Pams",
      "name": "Streaky Bacon",
      "displayName": "500g",
      "availability": [
        "IN_STORE",
        "ONLINE"
      ],
      "saleType": "UNITS",
      "restrictedFlag": false,
      "liquorFlag": false,
      "tobaccoFlag": false,
      "originRegulated": true,
      "originStatement": "Made in NZ from pigs raised in one or more of the following countries: Finland, Denmark, Poland, Germany, Spain.",
      "singlePrice": {
        "price": 999,
        "comparativePrice": {
          "pricePerUnit": 1998,
          "unitQuantity": 1,
          "unitQuantityUom": "kg",
          "measureDescription": "1kg"
        }
      },
      "facets": [
        {
          "itemCode": "00020007",
          "itemDescription": "Dairy Free"
        },
        {
          "itemCode": "00020012",
          "itemDescription": "Non-GMO"
        }
      ],
      "categoryTrees": [
        {
          "level0": "Fresh Foods & Bakery",
          "level1": "Deli, Salads & Cooked Meats",
          "level2": "Bacon"
        }
      ],
      "cateredFlag": false
    },
    {
      "productId": "5027007-EA-000",
      "brand": "Hellers",
      "name": "Cheese & Bacon Sausages",
      "displayName": "1kg",
      "availability": [
        "IN_STORE",
        "ONLINE"
      ],
      "saleType": "UNITS",
      "restrictedFlag": false,
      "liquorFlag": false,
      "tobaccoFlag": false,
      "originRegulated": false,
      "singlePrice": {
        "price": 1169,
        "comparativePrice": {
          "pricePerUnit": 1169,
          "unitQuantity": 1,
          "unitQuantityUom": "kg",
          "measureDescription": "1kg"
        }
      },
      "facets": [
        {
          "itemCode": "00020004",
          "itemDescription": "Gluten Free"
        },
        {
          "itemCode": "00020012",
          "itemDescription": "Non-GMO"
        }
      ],
      "categoryTrees": [
        {
          "level0": "Fresh Foods & Bakery",
          "level1": "Butchery",
          "level2": "PrePacked Sausages"
        }
      ],
      "cateredFlag": false
    },
    {
      "productId": "5016749-EA-000",
      "brand": "Anchor",
      "name": "Silver Top Milk",
      "displayName": "2l",
      "availability": [
        "IN_STORE",
        "ONLINE"
      ],
      "saleType": "UNITS",
      "restrictedFlag": false,
      "liquorFlag": false,
      "tobaccoFlag": false,
      "originRegulated": false,
      "singlePrice": {
        "price": 614,
        "comparativePrice": {
          "pricePerUnit": 307,
          "unitQuantity": 1,
          "unitQuantityUom": "L",
          "measureDescription": "1L"
        }
      },
      "facets": [
        {
          "itemCode": "00020012",
          "itemDescription": "Non-GMO"
        }
      ],
      "categoryTrees": [
        {
          "level0": "Fresh Foods & Bakery",
          "level1": "Dairy & Eggs",
          "level2": "Fresh Milk"
        },
        {
          "level0": "Chilled, Frozen & Desserts",
          "level1": "Dairy & Eggs",
          "level2": "Fresh Milk"
        }
      ],
      "cateredFlag": false
    },
    {
      "productId": "5027100-EA-000",
      "brand": "Meadow Fresh",
      "name": "Cultured Buttermilk",
      "displayName": "600ml",
      "availability": [
        "IN_STORE",
        "ONLINE"
      ],
      "saleType": "UNITS",
      "restrictedFlag": false,
      "liquorFlag": false,
      "tobaccoFlag": false,
      "originRegulated": false,
      "singlePrice": {
        "price": 519,
        "comparativePrice": {
          "pricePerUnit": 865,
          "unitQuantity": 1,
          "unitQuantityUom": "L",
          "measureDescription": "1L"
        }
      },
      "facets": [
        {
          "itemCode": "00020004",
          "itemDescription": "Gluten Free"
        },
        {
          "itemCode": "00020009",
          "itemDescription": "Low Fat"
        },
        {
          "itemCode": "00020012",
          "itemDescription": "Non-GMO"
        },
        {
          "itemCode": "00020014",
          "itemDescription": "Vegetarian"
        }
      ],
      "categoryTrees": [
        {
          "level0": "Fresh Foods & Bakery",
          "level1": "Dairy & Eggs",
          "level2": "Fresh Milk"
        },
        {
          "level0": "Chilled, Frozen & Desserts",
          "level1": "Dairy & Eggs",
          "level2": "Fresh Milk"
        }
      ],
      "cateredFlag": false
    },
    {
      "productId": "5014608-EA-000",
      "brand": "Meadow Fresh",
      "name": "Calci Strong Cho-O-Block Flavoured Milk",
      "displayName": "250ml",
      "availability": [
        "IN_STORE",
        "ONLINE"
      ],
      "saleType": "UNITS",
      "restrictedFlag": false,
      "liquorFlag": false,
      "tobaccoFlag": false,
      "originRegulated": false,
      "singlePrice": {
        "price": 119,
        "comparativePrice": {
          "pricePerUnit": 476,
          "unitQuantity": 1,
          "unitQuantityUom": "L",
          "measureDescription": "1L"
        }
      },
      "facets": [
        {
          "itemCode": "00020012",
          "itemDescription": "Non-GMO"
        }
      ],
      "categoryTrees": [
        {
          "level0": "Fresh Foods & Bakery",
          "level1": "Dairy & Eggs",
          "level2": "Long Life Milk & Milk Powder"
        },
        {
          "level0": "Chilled, Frozen & Desserts",
          "level1": "Dairy & Eggs",
          "level2": "Long Life Milk & Milk Powder"
        }
      ],
      "cateredFlag": false
    },
    {
      "productId": "5020136-EA-000",
      "brand": "Cottage Lane",
      "name": "Original White Wraps",
      "displayName": "12pk",
      "availability": [
        "IN_STORE",
        "ONLINE"
      ],
      "saleType": "UNITS",
      "restrictedFlag": false,
      "liquorFlag": false,
      "tobaccoFlag": false,
      "originRegulated": false,
      "singlePrice": {
        "price": 699,
        "promoId": "128959780",
        "comparativePrice": {
          "pricePerUnit": 58,
          "unitQuantity": 1,
          "unitQuantityUom": "ea",
          "measureDescription": "ea"
        }
      },
      "promotions": [
        {
          "promoId": "128959780",
          "rewardValue": 699,
          "decal": "6000",
          "sapType": "BASE",
          "rewardType": "NEW_PRICE",
          "threshold": 1,
          "limit": 0,
          "multiProducts": false,
          "cardDependencyFlag": false,
          "bestPromotion": true,
          "comparativePrice": {
            "pricePerUnit": 58,
            "unitQuantity": 1,
            "unitQuantityUom": "ea",
            "measureDescription": "ea"
          }
        }
      ],
      "facets": [
        {
          "itemCode": "00020002",
          "itemDescription": "Halal"
        },
        {
          "itemCode": "00020013",
          "itemDescription": "Vegan"
        },
        {
          "itemCode": "00020012",
          "itemDescription": "Non-GMO"
        },
        {
          "itemCode": "00020007",
          "itemDescription": "Dairy Free"
        }
      ],
      "categoryTrees": [
        {
          "level0": "Fresh Foods & Bakery",
          "level1": "Bakery",
          "level2": "Wraps & Pita Breads"
        }
      ],
      "cateredFlag": false
    },
    {
      "productId": "5016432-EA-000",
      "brand": "Beehive",
      "name": "Shaved Peppered Ham",
      "displayName": "2 x 50g",
      "availability": [
        "IN_STORE",
        "ONLINE"
      ],
      "saleType": "UNITS",
      "restrictedFlag": false,
      "liquorFlag": false,
      "tobaccoFlag": false,
      "originRegulated": true,
      "originStatement": "Made in New Zealand using pork from pigs raised in one or more of the countries: Australia, Belgium, Canada, Denmark, Finland, France, Germany, Ireland, Netherlands, Poland, UK, Spain, Sweden, USA.",
      "singlePrice": {
        "price": 249,
        "comparativePrice": {
          "pricePerUnit": 2490,
          "unitQuantity": 1,
          "unitQuantityUom": "kg",
          "measureDescription": "1kg"
        }
      },
      "facets": [
        {
          "itemCode": "00020009",
          "itemDescription": "Low Fat"
        },
        {
          "itemCode": "00020004",
          "itemDescription": "Gluten Free"
        }
      ],
      "categoryTrees": [
        {
          "level0": "Fresh Foods & Bakery",
          "level1": "Deli, Salads & Cooked Meats",
          "level2": "Ham & Pork"
        }
      ],
      "cateredFlag": false
    },
    {
      "productId": "5003420-EA-000",
      "brand": "Vitasoy",
      "name": "Original Soy Milk",
      "displayName": "1l",
      "availability": [
        "IN_STORE",
        "ONLINE"
      ],
      "saleType": "UNITS",
      "restrictedFlag": false,
      "liquorFlag": false,
      "tobaccoFlag": false,
      "originRegulated": false,
      "singlePrice": {
        "price": 419,
        "comparativePrice": {
          "pricePerUnit": 419,
          "unitQuantity": 1,
          "unitQuantityUom": "L",
          "measureDescription": "1L"
        }
      },
      "facets": [
        {
          "itemCode": "00020013",
          "itemDescription": "Vegan"
        },
        {
          "itemCode": "00020007",
          "itemDescription": "Dairy Free"
        },
        {
          "itemCode": "00020001",
          "itemDescription": "Organic"
        },
        {
          "itemCode": "00020014",
          "itemDescription": "Vegetarian"
        }
      ],
      "categoryTrees": [
        {
          "level0": "Fresh Foods & Bakery",
          "level1": "Dairy & Eggs",
          "level2": "Dairy & Lactose Free"
        },
        {
          "level0": "Chilled, Frozen & Desserts",
          "level1": "Dairy & Eggs",
          "level2": "Dairy & Lactose Free"
        },
        {
          "level0": "Drinks",
          "level1": "Cold Drinks",
          "level2": "Non Dairy Milks"
        }
      ],
      "cateredFlag": false
    },
    {
      "productId": "5087035-EA-000",
      "brand": "Taylor Farms",
      "name": "Asian Chopped Salad Kit",
      "displayName": "350g",
      "availability": [
        "IN_STORE",
        "ONLINE"
      ],
      "saleType": "UNITS",
      "restrictedFlag": false,
      "liquorFlag": false,
      "tobaccoFlag": false,
      "originRegulated": true,
      "originStatement": "Product of New Zealand",
      "singlePrice": {
        "price": 649,
        "comparativePrice": {
          "pricePerUnit": 1854,
          "unitQuantity": 1,
          "unitQuantityUom": "kg",
          "measureDescription": "1kg"
        }
      },
      "categoryTrees": [
        {
          "level0": "Fresh Foods & Bakery",
          "level1": "Fruit & Vegetables",
          "level2": "Salad Bags"
        }
      ],
      "cateredFlag": false
    },
    {
      "productId": "5027895-EA-000",
      "brand": "Abe's",
      "name": "The Parmesan Bagels",
      "displayName": "4 x 90g",
      "availability": [
        "IN_STORE",
        "ONLINE"
      ],
      "saleType": "UNITS",
      "restrictedFlag": false,
      "liquorFlag": false,
      "tobaccoFlag": false,
      "originRegulated": false,
      "singlePrice": {
        "price": 399,
        "promoId": "128989388",
        "comparativePrice": {
          "pricePerUnit": 111,
          "unitQuantity": 100,
          "unitQuantityUom": "g",
          "measureDescription": "100g"
        }
      },
      "promotions": [
        {
          "promoId": "128989388",
          "rewardValue": 399,
          "decal": "6000",
          "sapType": "BASE",
          "rewardType": "NEW_PRICE",
          "threshold": 1,
          "limit": 0,
          "multiProducts": false,
          "cardDependencyFlag": false,
          "bestPromotion": true,
          "comparativePrice": {
            "pricePerUnit": 111,
            "unitQuantity": 100,
            "unitQuantityUom": "g",
            "measureDescription": "100g"
          }
        }
      ],
      "facets": [
        {
          "itemCode": "00020012",
          "itemDescription": "Non-GMO"
        },
        {
          "itemCode": "00020009",
          "itemDescription": "Low Fat"
        }
      ],
      "categoryTrees": [
        {
          "level0": "Fresh Foods & Bakery",
          "level1": "Bakery",
          "level2": "Bread Rolls & Buns"
        }
      ],
      "cateredFlag": false
    },
    {
      "productId": "5025307-EA-000",
      "brand": "Burgen",
      "name": "Soy & Linseed Sandwich Bread",
      "displayName": "700g",
      "availability": [
        "IN_STORE",
        "ONLINE"
      ],
      "saleType": "UNITS",
      "restrictedFlag": false,
      "liquorFlag": false,
      "tobaccoFlag": false,
      "originRegulated": false,
      "singlePrice": {
        "price": 469,
        "comparativePrice": {
          "pricePerUnit": 67,
          "unitQuantity": 100,
          "unitQuantityUom": "g",
          "measureDescription": "100g"
        }
      },
      "categoryTrees": [
        {
          "level0": "Fresh Foods & Bakery",
          "level1": "Bakery",
          "level2": "Sliced Bread"
        }
      ],
      "cateredFlag": false
    },
    {
      "productId": "5024333-EA-000",
      "brand": "Pams",
      "name": "Basil Pesto Chunky Dip",
      "displayName": "135g",
      "availability": [
        "IN_STORE",
        "ONLINE"
      ],
      "saleType": "UNITS",
      "restrictedFlag": false,
      "liquorFlag": false,
      "tobaccoFlag": false,
      "originRegulated": false,
      "singlePrice": {
        "price": 399,
        "comparativePrice": {
          "pricePerUnit": 296,
          "unitQuantity": 100,
          "unitQuantityUom": "g",
          "measureDescription": "100g"
        }
      },
      "facets": [
        {
          "itemCode": "00020012",
          "itemDescription": "Non-GMO"
        }
      ],
      "categoryTrees": [
        {
          "level0": "Fresh Foods & Bakery",
          "level1": "Deli, Salads & Cooked Meats",
          "level2": "Dips, Pesto & Pate"
        },
        {
          "level0": "Featured",
          "level1": "Pams",
          "level2": "Deli, Salads & Cooked Meats"
        }
      ],
      "cateredFlag": false
    },
    {
      "productId": "5119905-KGM-000",
      "name": "NZ Lamb Shanks",
      "displayName": "kg",
      "availability": [
        "IN_STORE",
        "ONLINE"
      ],
      "saleType": "WEIGHT",
      "restrictedFlag": false,
      "liquorFlag": false,
      "tobaccoFlag": false,
      "originRegulated": true,
      "originStatement": "Product of New Zealand",
      "variableWeight": {
        "minOrderQuantity": 300,
        "stepSize": 100,
        "stepUnitOfMeasure": "g"
      },
      "singlePrice": {
        "price": 1799,
        "comparativePrice": {
          "pricePerUnit": 1799,
          "unitQuantity": 1,
          "unitQuantityUom": "kg",
          "measureDescription": "1kg"
        }
      },
      "categoryTrees": [
        {
          "level0": "Fresh Foods & Bakery",
          "level1": "Butchery",
          "level2": "Fresh Beef & Lamb"
        }
      ],
      "cateredFlag": false
    },
    {
      "productId": "5225829-EA-000",
      "brand": "The Collective",
      "name": "Natural Kefir Pourable Probiotic Yoghurt",
      "displayName": "700ml",
      "availability": [
        "IN_STORE",
        "ONLINE"
      ],
      "saleType": "UNITS",
      "restrictedFlag": false,
      "liquorFlag": false,
      "tobaccoFlag": false,
      "originRegulated": false,
      "singlePrice": {
        "price": 619,
        "comparativePrice": {
          "pricePerUnit": 88,
          "unitQuantity": 100,
          "unitQuantityUom": "ml",
          "measureDescription": "100ml"
        }
      },
      "categoryTrees": [
        {
          "level0": "Fresh Foods & Bakery",
          "level1": "Dairy & Eggs",
          "level2": "Yoghurt & Dairy Food"
        },
        {
          "level0": "Chilled, Frozen & Desserts",
          "level1": "Dairy & Eggs",
          "level2": "Yoghurt & Dairy Food"
        }
      ],
      "cateredFlag": false
    },
    {
      "productId": "5224822-EA-000",
      "brand": "Pieter's",
      "name": "Dutch Salami",
      "displayName": "250g",
      "availability": [
        "IN_STORE",
        "ONLINE"
      ],
      "saleType": "UNITS",
      "restrictedFlag": false,
      "liquorFlag": false,
      "tobaccoFlag": false,
      "originRegulated": false,
      "singlePrice": {
        "price": 549,
        "comparativePrice": {
          "pricePerUnit": 2196,
          "unitQuantity": 1,
          "unitQuantityUom": "kg",
          "measureDescription": "1kg"
        }
      },
      "facets": [
        {
          "itemCode": "00020004",
          "itemDescription": "Gluten Free"
        },
        {
          "itemCode": "00020012",
          "itemDescription": "Non-GMO"
        }
      ],
      "categoryTrees": [
        {
          "level0": "Fresh Foods & Bakery",
          "level1": "Deli, Salads & Cooked Meats",
          "level2": "Continental Sausage & Salami"
        }
      ],
      "cateredFlag": false
    },
    {
      "productId": "5082985-EA-000",
      "brand": "Hellers",
      "name": "Angus Beef Sausages",
      "displayName": "6pk",
      "availability": [
        "IN_STORE",
        "ONLINE"
      ],
      "saleType": "UNITS",
      "restrictedFlag": false,
      "liquorFlag": false,
      "tobaccoFlag": false,
      "originRegulated": false,
      "marketingInitiatives": [
        {
          "initiativeCode": "AOV"
        }
      ],
      "singlePrice": {
        "price": 899,
        "promoId": "128943875",
        "comparativePrice": {
          "pricePerUnit": 150,
          "unitQuantity": 1,
          "unitQuantityUom": "ea",
          "measureDescription": "ea"
        }
      },
      "promotions": [
        {
          "promoId": "128943875",
          "rewardValue": 899,
          "decal": "6000",
          "sapType": "BASE",
          "rewardType": "NEW_PRICE",
          "threshold": 1,
          "limit": 0,
          "multiProducts": false,
          "cardDependencyFlag": false,
          "bestPromotion": true,
          "comparativePrice": {
            "pricePerUnit": 150,
            "unitQuantity": 1,
            "unitQuantityUom": "ea",
            "measureDescription": "ea"
          }
        }
      ],
      "facets": [
        {
          "itemCode": "00020012",
          "itemDescription": "Non-GMO"
        },
        {
          "itemCode": "00020004",
          "itemDescription": "Gluten Free"
        }
      ],
      "categoryTrees": [
        {
          "level0": "Fresh Foods & Bakery",
          "level1": "Butchery",
          "level2": "PrePacked Sausages"
        },
        {
          "level0": "Fresh Foods & Bakery",
          "level1": "Butchery",
          "level2": "Fresh Sausages"
        }
      ],
      "cateredFlag": false
    },
    {
      "productId": "5009301-EA-000",
      "brand": "Fresh 'n Fruity",
      "name": "Zesty Lemon Yoghurt",
      "displayName": "1kg",
      "availability": [
        "IN_STORE",
        "ONLINE"
      ],
      "saleType": "UNITS",
      "restrictedFlag": false,
      "liquorFlag": false,
      "tobaccoFlag": false,
      "originRegulated": false,
      "singlePrice": {
        "price": 599,
        "comparativePrice": {
          "pricePerUnit": 60,
          "unitQuantity": 100,
          "unitQuantityUom": "g",
          "measureDescription": "100g"
        }
      },
      "facets": [
        {
          "itemCode": "00020012",
          "itemDescription": "Non-GMO"
        },
        {
          "itemCode": "00020009",
          "itemDescription": "Low Fat"
        }
      ],
      "categoryTrees": [
        {
          "level0": "Fresh Foods & Bakery",
          "level1": "Dairy & Eggs",
          "level2": "Yoghurt & Dairy Food"
        },
        {
          "level0": "Chilled, Frozen & Desserts",
          "level1": "Dairy & Eggs",
          "level2": "Yoghurt & Dairy Food"
        }
      ],
      "cateredFlag": false
    },
    {
      "productId": "5006553-EA-000",
      "brand": "The Collective",
      "name": "Mango Gourmet Probiotic Yoghurt",
      "displayName": "500g",
      "availability": [
        "IN_STORE",
        "ONLINE"
      ],
      "saleType": "UNITS",
      "restrictedFlag": false,
      "liquorFlag": false,
      "tobaccoFlag": false,
      "originRegulated": false,
      "singlePrice": {
        "price": 519,
        "promoId": "128943787",
        "comparativePrice": {
          "pricePerUnit": 104,
          "unitQuantity": 100,
          "unitQuantityUom": "g",
          "measureDescription": "100g"
        }
      },
      "promotions": [
        {
          "promoId": "128943787",
          "rewardValue": 519,
          "decal": "6000",
          "sapType": "BASE",
          "rewardType": "NEW_PRICE",
          "threshold": 1,
          "limit": 0,
          "multiProducts": false,
          "cardDependencyFlag": false,
          "bestPromotion": true,
          "comparativePrice": {
            "pricePerUnit": 104,
            "unitQuantity": 100,
            "unitQuantityUom": "g",
            "measureDescription": "100g"
          }
        }
      ],
      "facets": [
        {
          "itemCode": "00020004",
          "itemDescription": "Gluten Free"
        },
        {
          "itemCode": "00020014",
          "itemDescription": "Vegetarian"
        }
      ],
      "categoryTrees": [
        {
          "level0": "Fresh Foods & Bakery",
          "level1": "Dairy & Eggs",
          "level2": "Yoghurt & Dairy Food"
        },
        {
          "level0": "Chilled, Frozen & Desserts",
          "level1": "Dairy & Eggs",
          "level2": "Yoghurt & Dairy Food"
        }
      ],
      "cateredFlag": false
    },
    {
      "productId": "5212778-EA-000",
      "brand": "Anchor",
      "name": "Protein+ Strawberry Greek Style Yoghurt",
      "displayName": "180g",
      "availability": [
        "IN_STORE",
        "ONLINE"
      ],
      "saleType": "UNITS",
      "restrictedFlag": false,
      "liquorFlag": false,
      "tobaccoFlag": false,
      "originRegulated": false,
      "singlePrice": {
        "price": 279,
        "promoId": "128970912",
        "comparativePrice": {
          "pricePerUnit": 155,
          "unitQuantity": 100,
          "unitQuantityUom": "g",
          "measureDescription": "100g"
        }
      },
      "promotions": [
        {
          "promoId": "128970912",
          "rewardValue": 279,
          "decal": "7000",
          "sapType": "BASE",
          "rewardType": "NEW_PRICE",
          "threshold": 1,
          "limit": 0,
          "multiProducts": false,
          "cardDependencyFlag": false,
          "bestPromotion": true,
          "comparativePrice": {
            "pricePerUnit": 155,
            "unitQuantity": 100,
            "unitQuantityUom": "g",
            "measureDescription": "100g"
          }
        }
      ],
      "facets": [
        {
          "itemCode": "00020012",
          "itemDescription": "Non-GMO"
        }
      ],
      "categoryTrees": [
        {
          "level0": "Fresh Foods & Bakery",
          "level1": "Dairy & Eggs",
          "level2": "Yoghurt & Dairy Food"
        },
        {
          "level0": "Chilled, Frozen & Desserts",
          "level1": "Dairy & Eggs",
          "level2": "Yoghurt & Dairy Food"
        }
      ],
      "cateredFlag": false
    },
    {
      "productId": "5003977-EA-000",
      "brand": "Pams",
      "name": "Lite Canola Spread",
      "displayName": "500g",
      "availability": [
        "IN_STORE",
        "ONLINE"
      ],
      "saleType": "UNITS",
      "restrictedFlag": false,
      "liquorFlag": false,
      "tobaccoFlag": false,
      "originRegulated": false,
      "singlePrice": {
        "price": 289,
        "comparativePrice": {
          "pricePerUnit": 58,
          "unitQuantity": 100,
          "unitQuantityUom": "g",
          "measureDescription": "100g"
        }
      },
      "categoryTrees": [
        {
          "level0": "Fresh Foods & Bakery",
          "level1": "Dairy & Eggs",
          "level2": "Butter & Spreads"
        },
        {
          "level0": "Chilled, Frozen & Desserts",
          "level1": "Dairy & Eggs",
          "level2": "Butter & Spreads"
        }
      ],
      "cateredFlag": false
    },
    {
      "productId": "5100260-KGM-000",
      "name": "NZ Beef Chuck Steak",
      "displayName": "kg",
      "availability": [
        "IN_STORE",
        "ONLINE"
      ],
      "saleType": "WEIGHT",
      "restrictedFlag": false,
      "liquorFlag": false,
      "tobaccoFlag": false,
      "originRegulated": true,
      "originStatement": "Product of New Zealand",
      "variableWeight": {
        "minOrderQuantity": 300,
        "stepSize": 100,
        "stepUnitOfMeasure": "g"
      },
      "singlePrice": {
        "price": 2099,
        "promoId": "129016129",
        "comparativePrice": {
          "pricePerUnit": 2099,
          "unitQuantity": 1,
          "unitQuantityUom": "kg",
          "measureDescription": "1kg"
        }
      },
      "promotions": [
        {
          "promoId": "129016129",
          "rewardValue": 2099,
          "decal": "6000",
          "sapType": "BASE",
          "rewardType": "NEW_PRICE",
          "threshold": 1,
          "limit": 0,
          "multiProducts": false,
          "cardDependencyFlag": false,
          "bestPromotion": true,
          "comparativePrice": {
            "pricePerUnit": 2099,
            "unitQuantity": 1,
            "unitQuantityUom": "kg",
            "measureDescription": "1kg"
          }
        }
      ],
      "categoryTrees": [
        {
          "level0": "Fresh Foods & Bakery",
          "level1": "Butchery",
          "level2": "Fresh Beef & Lamb"
        }
      ],
      "cateredFlag": false
    },
    {
      "productId": "5224481-EA-000",
      "brand": "Pieter's",
      "name": "Pepperoni Salami",
      "displayName": "250g",
      "availability": [
        "IN_STORE",
        "ONLINE"
      ],
      "saleType": "UNITS",
      "restrictedFlag": false,
      "liquorFlag": false,
      "tobaccoFlag": false,
      "originRegulated": false,
      "singlePrice": {
        "price": 549,
        "comparativePrice": {
          "pricePerUnit": 2196,
          "unitQuantity": 1,
          "unitQuantityUom": "kg",
          "measureDescription": "1kg"
        }
      },
      "facets": [
        {
          "itemCode": "00020012",
          "itemDescription": "Non-GMO"
        },
        {
          "itemCode": "00020004",
          "itemDescription": "Gluten Free"
        }
      ],
      "categoryTrees": [
        {
          "level0": "Fresh Foods & Bakery",
          "level1": "Deli, Salads & Cooked Meats",
          "level2": "Continental Sausage & Salami"
        }
      ],
      "cateredFlag": false
    },
    {
      "productId": "5081219-EA-000",
      "brand": "Yoplait",
      "name": "Real Fruit Apricot & Feijoa Yoghurt",
      "displayName": "1kg",
      "availability": [
        "IN_STORE",
        "ONLINE"
      ],
      "saleType": "UNITS",
      "restrictedFlag": false,
      "liquorFlag": false,
      "tobaccoFlag": false,
      "originRegulated": false,
      "singlePrice": {
        "price": 469,
        "promoId": "128947713",
        "comparativePrice": {
          "pricePerUnit": 47,
          "unitQuantity": 100,
          "unitQuantityUom": "g",
          "measureDescription": "100g"
        }
      },
      "promotions": [
        {
          "promoId": "128947713",
          "rewardValue": 469,
          "decal": "6000",
          "sapType": "BASE",
          "rewardType": "NEW_PRICE",
          "threshold": 1,
          "limit": 0,
          "multiProducts": false,
          "cardDependencyFlag": false,
          "bestPromotion": true,
          "comparativePrice": {
            "pricePerUnit": 47,
            "unitQuantity": 100,
            "unitQuantityUom": "g",
            "measureDescription": "100g"
          }
        }
      ],
      "facets": [
        {
          "itemCode": "00020009",
          "itemDescription": "Low Fat"
        },
        {
          "itemCode": "00020012",
          "itemDescription": "Non-GMO"
        }
      ],
      "categoryTrees": [
        {
          "level0": "Fresh Foods & Bakery",
          "level1": "Dairy & Eggs",
          "level2": "Yoghurt & Dairy Food"
        },
        {
          "level0": "Chilled, Frozen & Desserts",
          "level1": "Dairy & Eggs",
          "level2": "Yoghurt & Dairy Food"
        }
      ],
      "cateredFlag": false
    },
    {
      "productId": "5248440-EA-000",
      "brand": "Taylor Farms",
      "name": "Buffalo Ranch Chopped Kit",
      "displayName": "350g",
      "availability": [
        "IN_STORE",
        "ONLINE"
      ],
      "saleType": "UNITS",
      "restrictedFlag": false,
      "liquorFlag": false,
      "tobaccoFlag": false,
      "originRegulated": false,
      "singlePrice": {
        "price": 649,
        "comparativePrice": {
          "pricePerUnit": 1854,
          "unitQuantity": 1,
          "unitQuantityUom": "kg",
          "measureDescription": "1kg"
        }
      },
      "categoryTrees": [
        {
          "level0": "Fresh Foods & Bakery",
          "level1": "Fruit & Vegetables",
          "level2": "Salad Bags"
        }
      ],
      "cateredFlag": false
    },
    {
      "productId": "5026148-EA-000",
      "brand": "Mamma Fiorelli's",
      "name": "Traditional Garlic Bread",
      "displayName": "2pk",
      "availability": [
        "IN_STORE",
        "ONLINE"
      ],
      "saleType": "UNITS",
      "restrictedFlag": false,
      "liquorFlag": false,
      "tobaccoFlag": false,
      "originRegulated": false,
      "singlePrice": {
        "price": 649,
        "comparativePrice": {
          "pricePerUnit": 162,
          "unitQuantity": 100,
          "unitQuantityUom": "g",
          "measureDescription": "100g"
        }
      },
      "facets": [
        {
          "itemCode": "00020012",
          "itemDescription": "Non-GMO"
        }
      ],
      "categoryTrees": [
        {
          "level0": "Fresh Foods & Bakery",
          "level1": "Bakery",
          "level2": "Garlic & Herb Breads"
        }
      ],
      "cateredFlag": false
    },
    {
      "productId": "5100275-KGM-000",
      "name": "NZ Beef Blade Steak",
      "displayName": "kg",
      "availability": [
        "IN_STORE",
        "ONLINE"
      ],
      "saleType": "WEIGHT",
      "restrictedFlag": false,
      "liquorFlag": false,
      "tobaccoFlag": false,
      "originRegulated": true,
      "originStatement": "Product of New Zealand",
      "variableWeight": {
        "unitOfMeasure": "g",
        "averageWeight": 500,
        "minOrderQuantity": 300,
        "stepSize": 100,
        "stepUnitOfMeasure": "g"
      },
      "singlePrice": {
        "price": 2099,
        "promoId": "129016141",
        "comparativePrice": {
          "pricePerUnit": 2099,
          "unitQuantity": 1,
          "unitQuantityUom": "kg",
          "measureDescription": "1kg"
        }
      },
      "promotions": [
        {
          "promoId": "129016141",
          "rewardValue": 2099,
          "decal": "6000",
          "sapType": "BASE",
          "rewardType": "NEW_PRICE",
          "threshold": 1,
          "limit": 0,
          "multiProducts": false,
          "cardDependencyFlag": false,
          "bestPromotion": true,
          "comparativePrice": {
            "pricePerUnit": 2099,
            "unitQuantity": 1,
            "unitQuantityUom": "kg",
            "measureDescription": "1kg"
          }
        }
      ],
      "categoryTrees": [
        {
          "level0": "Fresh Foods & Bakery",
          "level1": "Butchery",
          "level2": "Fresh Beef & Lamb"
        }
      ],
      "cateredFlag": false
    }
  ],
  "algoliaSearchResult": {
    "facets": {
      "brand": {
        "Pams": 108,
        "Hellers": 61,
        "Anchor": 60,
        "Meadow Fresh": 37,
        "The Collective": 35,
        "Fresh 'n Fruity": 29,
        "Puhoi Valley": 26,
        "Verkerks": 25,
        "Beehive": 24,
        "Lewis Road Creamery": 22,
        "Farrah's": 20,
        "Tegel": 20,
        "Tip Top": 19,
        "Farmer Brown": 18,
        "Yoplait": 16,
        "Nature's Fresh": 14,
        "Regal": 14,
        "Tasman Bay Herbs": 14,
        "Baker Boys": 13,
        "Giannis": 13,
        "Pams Fresh": 13,
        "Pams Value": 13,
        "Value": 13,
        "Vogel's": 13,
        "Freya's": 12,
        "Lisa's": 11,
        "Obela": 11,
        "Rutherford & Meyer": 11,
        "Venerdi": 11,
        "Hansells": 10,
        "Harmony": 10,
        "Vitasoy": 10,
        "Easiyo": 9,
        "Gopala": 9,
        "Moogurt": 9,
        "Pams Finest": 9,
        "Raglan Coconut Yoghurt": 9,
        "Taylor Farms": 9,
        "Big Ben": 8,
        "First Light": 8,
        "Flora": 8,
        "Pieter's": 8,
        "Primo Smallgoods": 8,
        "Tararua": 8,
        "Waikato Cakes": 8,
        "Alamir Bakery": 7,
        "Beard Brothers": 7,
        "Bostock Brothers": 7,
        "DECOR CAKES": 7,
        "Danny's": 7,
        "De Gustibus": 7,
        "LeaderBrand": 7,
        "Ploughmans Bakery": 7,
        "Primo": 7,
        "Superb Herb": 7,
        "Turkish Kitchen": 7,
        "Woodland": 7,
        "Abe's": 6,
        "Burgen": 6,
        "Farmland": 6,
        "L'Authentique": 6,
        "Mainland": 6,
        "Mediterranean": 6,
        "Molenberg": 6,
        "Olivani": 6,
        "Rebel Bakehouse": 6,
        "Santa Bremor": 6,
        "Tatua": 6,
        "Turk's": 6,
        "Waitoa": 6,
        "Aoraki Smokehouse": 5,
        "Boss": 5,
        "Cottage Lane": 5,
        "Food Snob": 5,
        "Freedom Farms": 5,
        "Healthy n Fresh": 5,
        "Henergy": 5,
        "Little Island Coconut Creamery": 5,
        "Meadow Mushrooms": 5,
        "Sanitarium So Good": 5,
        "Speirs": 5,
        "Yummy Fruit": 5,
        "Bean Supreme": 4,
        "Better Eggs": 4,
        "Cathedral Cove Naturals": 4,
        "Fisherking": 4,
        "Just Hummus": 4,
        "Kapiti": 4,
        "Kapiti Artisan Bakehouse": 4,
        "Lincoln Bakery": 4,
        "Living Foods": 4,
        "Mammoth Supply Co.": 4,
        "Meadowlea": 4,
        "Nippy's": 4,
        "Original Foods Baking Co": 4,
        "Pams Free Range": 4,
        "Pams Plant Based": 4,
        "Premier": 4,
        "Scalini's": 4,
        "Shore Mariner": 4
      },
      "category1NI": {
        "Dairy & Eggs": 462,
        "Deli, Salads & Cooked Meats": 313,
        "Bakery": 304,
        "Fruit & Vegetables": 270,
        "Butchery": 217,
        "Bulk & Loose Foods": 131,
        "Seafood": 96,
        "Pams": 34,
        "Cold Drinks": 27,
        "Ready to Eat": 23,
        "Snack Foods": 7,
        "Canned & Prepared Foods": 6,
        "Condiments & Dressings": 6,
        "Ready to Heat": 6,
        "Cheese": 2,
        "Desserts": 2,
        "Ready to Cook": 2,
        "Biscuits & Crackers": 1,
        "Frozen Foods": 1,
        "Halloween": 1,
        "Household": 1
      },
      "onPromotion": {
        "8cd700ae-d96f-4761-bd7a-805d6b93536d": 354,
        "4a279605-eaa8-470d-bcd4-0a9e3c9ab43b": 345,
        "dbca5e00-f7f9-43ae-91de-031ad16f8a92": 342,
        "d8032da3-c1b9-456e-b626-41ce21f8c67b": 339,
        "715f0e22-95e0-45ce-af3a-07057209976e": 337,
        "90082979-fb9f-4305-9c72-83274fc438cc": 333,
        "b29a98bd-749c-489c-9eef-6aa38e66a29b": 327,
        "5cf0392f-c187-4fc4-a463-eb269d2e8f45": 307,
        "c3f9e1a3-fc34-452d-af2e-95349e666ba4": 307,
        "be4c4780-218e-425a-a90f-63e21773572b": 303,
        "2ed73be8-936d-4f35-9398-75a707f40a7b": 301,
        "61dd754e-8525-4b9e-9e08-173389eea8a8": 300,
        "21ecaaed-0749-4492-985e-4bb7ba43d59c": 289,
        "33d8d6fc-861a-45ff-9937-5ccdb55eaede": 289,
        "64eab5b1-8d79-45f4-94f1-02b8cf8b6202": 275,
        "01a114de-149c-4f5f-80a1-90cc63f69c6e": 255,
        "92086ded-a55d-4241-a364-7d7ea91531b4": 251,
        "3c5e3145-0767-4066-9349-6c0a1313acc5": 249,
        "65defcf2-bc15-490e-a84f-1f13b769cd22": 249,
        "6e6809dd-01bc-45c9-aab1-f01ccd8338b0": 249,
        "b92cc33f-b5a8-4b57-9b82-412946800020": 240,
        "6cda96e1-7d29-44a6-956b-3fcfdecc8184": 239,
        "d1cd1fdd-8767-46a6-a8d3-c3e0632c2dc8": 238,
        "3bb30799-82ce-4648-8c02-5113228963ed": 235,
        "3404c253-577f-45ca-b301-c98312e46efb": 231,
        "b39562a4-2b72-43fe-b9ba-eda1d651ad0b": 230,
        "5f167936-79ae-4f6a-b9d2-74afe1bb096b": 229,
        "15e6f441-5c1c-4d25-b4ec-1adf918c49c7": 228,
        "a7d09522-bee2-41e4-8fe0-0b82b7f342f5": 225,
        "49037947-e450-49bf-ba1f-a94551c79a72": 224,
        "48dd98cc-a757-4102-b15d-ea82b4b10571": 223,
        "c0f80e87-16be-4488-9553-da437e8c6c2a": 223,
        "60561e46-ece7-43a7-b142-9b14812586e4": 222,
        "c180a72d-5dbe-4403-b7c7-91655e505492": 222,
        "e1925ea7-01bc-4358-ae7c-c6502da5ab12": 221,
        "3bfe040b-f0c9-45e0-949b-b9ad5a591d55": 220,
        "53989945-1a28-481d-a61c-d6f75f760ada": 218,
        "1c388d5e-29ac-4956-b476-cb3431353d2e": 213,
        "b2e98a14-c8ca-401e-99ed-edf74570c6f6": 212,
        "c2204dae-579e-4b6b-9d42-2e13ceaa6031": 212,
        "98ec3885-ac93-4fcb-807b-59c9055c52c4": 211,
        "4fcc1c8e-cc5e-4675-ba25-5e56b579cf69": 209,
        "8f0d70be-5cb7-464b-99cb-8b0130671895": 208,
        "7d48a781-4f68-4c91-a908-8659e1b22f95": 207,
        "9cd8eb60-3222-4efc-bd7c-50e03e6a81a4": 207,
        "d6d39eea-889d-4e20-923c-55cab225cf7f": 207,
        "6c73764e-b8e6-4e55-ad37-f6a9d207da1f": 204,
        "714431ab-6e39-4df6-ac77-cfc5c1e25bc8": 202,
        "529d66cc-60e3-432e-b8d1-efc9f2ec4919": 200,
        "b83029b6-5dd5-449e-8056-26f3943a4e18": 190,
        "50b1216b-d066-4457-b88b-9bccf97bf6d3": 188,
        "076e8177-943b-41fc-a885-ba3d28297acf": 187,
        "3e82142c-78dc-46f3-82ec-28e65fcf84c9": 178,
        "af385423-d0f1-41f0-9482-ffd10b745143": 162,
        "94ef1985-cab1-4b39-a2f3-230120f03c16": 160
      },
      "productFacets": {
        "Non-GMO": 852,
        "Gluten Free": 328,
        "Dairy Free": 190,
        "Low Fat": 115,
        "Vegetarian": 97,
        "Free Range": 81,
        "Vegan": 60,
        "Organic": 54,
        "Halal": 37,
        "Low Sugar": 25,
        "Cage Free": 20,
        "Keto": 8,
        "Low Salt": 1
      }
    }
  },
  "totalHits": 1000,
  "page": 8,
  "totalPages": 20,
  "hitsPerPage": 50
}
